3000 5040
410 525 459 574 nu
484 523 752 574 rnsrauorrour
777 524 995 576 raruorrun.
1166 509 1229 580 175

173 674 361 738 emendatus
377 695 475 758 quam
484 684 522 738 ut
536 674 675 738 intereat
690 674 880 752 obstinatus,
891 675 1084 740 desiderium
1097 677 1229 741 habens.

174 775 292 839 Visum
307 787 355 839 est
369 776 455 838 enim
470 775 505 838 in
520 797 632 839 somno
646 775 746 860 priori
761 777 800 840 de
812 777 1014 861 Dunestaple
1027 779 1115 861 quod
1129 801 1148 841 a
1161 779 1229 843 viro

175 878 314 960 quodam
329 878 502 942 venerandi
516 877 627 942 vultus
645 879 761 941 ductus
777 888 861 942 esset
882 878 923 941 ad
944 879 1051 943 locum
1065 900 1230 943 amoenum

174 979 276 1056 valde,
285 979 350 1043 ubi
372 981 407 1042 in
424 979 498 1042 aula
514 979 652 1062 quadam
666 980 754 1064 regia
767 980 854 1043 visus
869 991 918 1044 est
941 981 1002 1044 sibi
1017 980 1124 1044 videre
1140 982 1231 1065 quasi

175 1082 359 1167 Principem
372 1084 408 1146 in
433 1083 550 1146 throno
575 1083 740 1146 sedentem
763 1106 837 1146 cum
861 1083 1098 1148 collateralibus
1120 1082 1180 1168 xij,
1197 1093 1231 1147 et

174 1184 245 1246 aliis
256 1185 369 1248 multis
378 1185 461 1248 mira
470 1193 639 1247 venustate
651 1193 685 1246 et
699 1184 813 1247 decore
825 1185 1107 1268 praefulgentibus.
1137 1185 1232 1249 Vidit

175 1297 209 1350 et
222 1287 391 1350 mulierem
406 1296 563 1349 astantem
578 1284 836 1369 pulcherrimam,
848 1285 1109 1370 lachrymabilem
1125 1287 1234 1370 queri-

172 1389 313 1452 moniam
326 1389 365 1451 de
381 1386 564 1450 Willielmo
579 1386 672 1469 Rege
688 1386 780 1449 Rufo
796 1386 940 1471 Principi
956 1387 1181 1472 deponentem,
1198 1399 1232 1453 et

174 1500 278 1553 vestes
293 1511 366 1552 suas
381 1499 415 1552 et
428 1489 628 1563 indumenta,
652 1510 727 1571 quae
741 1488 883 1572 pretiosa
896 1489 1026 1553 fuerant
1040 1501 1075 1552 et
1087 1503 1232 1568 venusta,

175 1591 267 1674 quasi
283 1590 437 1675 dissipata
450 1612 539 1653 nunc
552 1591 592 1653 ab
614 1590 685 1674 ipso
705 1601 739 1653 et
765 1587 945 1669 dilacerata,
963 1614 1068 1655 coram
1083 1593 1232 1656 omnibus

175 1693 408 1756 ostendentem.
454 1691 501 1756 Et
527 1714 599 1755 ecce
622 1692 671 1755 vir
701 1691 832 1775 quidam
856 1693 949 1776 niger
972 1704 1006 1757 et
1027 1694 1175 1778 hispidus
1200 1718 1230 1758 v.

174 1794 304 1878 sagittas
331 1793 476 1878 Principi
498 1793 717 1877 praesentavit,
733 1815 814 1878 quas
840 1805 874 1858 et
895 1795 964 1879 ipse
986 1795 1098 1880 reponi
1117 1797 1228 1880 jussit,

174 1895 283 1958 dicens
297 1919 355 1980 per
370 1917 467 1959 unam
481 1895 610 1958 illarum
624 1896 758 1980 injurias
772 1896 916 1959 mulieris
927 1897 1014 1960 illius
1029 1898 1080 1961 die
1089 1899 1226 1962 crastina

172 1997 387 2061 vindicandas.
411 1997 544 2064 Quibus
552 1997 599 2060 ita
609 1997 686 2061 visis
697 2006 731 2061 et
745 1997 875 2074 auditis,
892 1999 1028 2062 eductus
1039 2008 1088 2062 est
1100 2000 1140 2063 ab
1153 2001 1228 2064 aula

174 2099 345 2163 canonicus
374 2099 440 2176 ille,
464 2109 498 2162 et
527 2109 690 2183 quaereret
719 2122 738 2163 a
767 2099 848 2162 duce
877 2122 935 2163 suo
965 2101 1113 2184 quisnam
1146 2112 1230 2166 esset

174 2199 329 2286 Princeps
343 2201 410 2279 ille,
426 2210 460 2265 et
476 2224 550 2285 quae
568 2202 685 2266 mulier
705 2202 771 2264 illa.
817 2201 1002 2286 Respondit
1016 2204 1046 2266 ei
1072 2204 1141 2266 dux
1156 2205 1228 2288 ejus

176 2301 264 2384 quod
290 2302 437 2366 Christus
452 2313 530 2381 erat,
551 2324 626 2366 cum
649 2302 802 2387 apostolis
824 2312 859 2366 et
878 2303 992 2366 ceteris
1016 2306 1228 2370 assessoribus

173 2412 206 2466 et
219 2403 430 2468 familiaribus
445 2405 522 2469 suis.
567 2404 691 2467 Mulier
705 2413 814 2467 autem
836 2403 968 2466 ecclesia
981 2404 1056 2480 fuit,
1073 2427 1147 2488 quae
1172 2429 1229 2490 per

172 2525 270 2567 unam
278 2506 467 2588 sagittarum
481 2505 620 2582 illarum,
637 2527 717 2588 quas
730 2498 918 2588 praesentari
933 2505 1024 2582 vidit,
1037 2505 1072 2568 in
1086 2507 1225 2570 crastino

170 2607 395 2689 proculdubio,
425 2608 459 2670 ni
496 2607 574 2671 Rex
609 2607 782 2691 resipuerit
815 2606 880 2684 ille,
910 2607 1135 2673 vindicabitur.
1179 2610 1227 2673 Et

171 2709 280 2771 statim
305 2719 515 2792 experrectus
541 2731 561 2771 a
581 2731 692 2772 somno
722 2708 874 2785 surrexit,
898 2709 990 2792 quasi
1018 2720 1093 2792 post
1113 2711 1224 2774 horam

171 2810 275 2872 noctis
289 2810 437 2887 mediam,
454 2819 488 2873 et
498 2809 592 2893 equis
612 2808 700 2871 illico
710 2809 840 2891 paratis,
856 2831 965 2873 versus
975 2809 1101 2873 Novam
1113 2811 1227 2874 Fores·

172 2922 238 2974 tam
260 2911 300 2974 ad
322 2912 448 2994 Regem
471 2910 763 2996 praemuniendum,
785 2909 874 2993 [nec]
894 2911 986 2995 equis
1008 2934 1141 2997 parcens
1163 2935 1224 2976 uec

171 3013 346 3077 calcaribus
360 3013 503 3090 mutatis,
517 3013 608 3096 quasi
623 3011 720 3074 etiam
735 3011 878 3076 crebrius
892 3013 1120 3097 equitaturus,¹
1135 3036 1225 3078 acce-

172 3114 295 3192 leravit,
312 3137 452 3198 eumque
467 3115 594 3178 circiter
606 3114 719 3177 horam
734 3114 798 3177 diei
811 3115 960 3199 primam,
974 3115 1032 3178 ubi
1047 3115 1081 3178 in
1101 3115 1219 3179 dictam

171 3217 323 3280 forestam
336 3226 488 3280 venatum
510 3217 557 3279 ire
576 3217 721 3301 parabat,
743 3216 877 3281 invenit.
924 3217 1033 3284 Quem
1053 3218 1162 3282 statim
1185 3229 1224 3282 ut

172 3318 249 3381 Rex
264 3317 447 3382 venientem
465 3316 558 3393 vidit,
574 3316 766 3380 exclamavit
787 3340 820 3381 se
842 3341 968 3382 causam
984 3320 1139 3384 adventus
1154 3322 1224 3404 ejus

171 3442 237 3482 non
248 3418 405 3503 ignorare,
421 3429 455 3483 et
469 3419 627 3502 praecepit
640 3418 729 3483 illico
744 3419 790 3482 xl.
806 3443 926 3483 marcas
941 3421 972 3482 ei
987 3421 1108 3484 donari.
1154 3421 1224 3486 Qui

172 3521 257 3584 enim
282 3520 359 3583 alias
381 3542 439 3604 per
461 3519 615 3602 Angliam
641 3520 788 3583 ecclesias
815 3541 878 3604 pro
904 3543 997 3604 posse
1027 3521 1223 3599 destruebat,

171 3621 336 3685 ecclesiam
363 3621 402 3684 de
417 3619 601 3704 Dunstaple
622 3620 805 3704 sumptibus
830 3622 897 3685 suis
918 3621 1061 3684 construi
1084 3622 1171 3698 fecit,
1190 3634 1224 3689 et

172 3733 238 3786 tam
246 3723 353 3787 locum
364 3721 458 3786 illum
467 3743 535 3806 prae
545 3720 670 3798 ceteris,
681 3744 778 3804 quam
786 3721 902 3807 prioris
914 3745 1046 3807 quoque
1056 3746 1222 3808 personam

172 3825 336 3909 diligebat.
382 3823 476 3887 Prior
490 3833 599 3887 autem
614 3845 688 3886 cum
707 3825 915 3908 responderet
929 3847 962 3888 se
977 3825 1019 3888 ob
1034 3825 1123 3888 aliud
1136 3849 1223 3889 nunc

170 3926 305 4004 venisse,
340 3927 557 4010 majoremque
586 3925 735 3990 veniendi
773 3948 901 3990 causam
936 3935 970 3989 et
1005 3928 1223 4011 urgentiorem

170 4028 302 4104 habere,
328 4049 469 4091 seorsum
493 4026 601 4090 statim
630 4027 721 4111 Rege
743 4037 866 4105 vocato,
893 4028 1042 4112 dictaque
1071 4031 1224 4094 secretius

171 4129 202 4192 ei
224 4129 346 4192 visione
369 4151 427 4213 per
450 4129 594 4192 ordinem
616 4138 694 4206 tota,
710 4130 837 4193 monuit
855 4141 894 4194 ut
915 4130 951 4193 in
973 4130 1124 4194 forestam
1145 4143 1222 4195 tunc

170 4231 354 4296 nullatenus
377 4229 450 4310 iret,
466 4230 521 4294 sed
543 4230 758 4294 incontinenti
782 4254 816 4295 se
839 4231 911 4296 Deo
937 4232 1167 4312 reconciliaret,
1190 4244 1223 4298 et

568 4369 575 4398 ¹
596 4367 763 4437 Equitcturis,
777 4369 834 4422 MS.
