3000 5040
251 1153 433 1222 INCIPIT
467 1157 720 1226 PRAEFATIO
754 1161 808 1226 IN
840 1161 1103 1230 SECUNDAM
1138 1164 1231 1229 DIS·

582 1284 895 1354 TINCTIONEM.

257 1619 259 1626 s
320 1600 326 1622 t

232 1631 234 1641 '
275 1637 329 1771 ‘”1'5
364 1665 365 1672 ι
376 1633 506 1752 ,odiu
528 1635 664 1719 deprimi
678 1636 823 1700 videmus
846 1647 880 1700 et
898 1637 1072 1715 humiliari,
1088 1652 1127 1703 ut
1147 1640 1269 1723 gratius

234 1829 269 1894 »ὃ
291 1788 391 1902 af
449 1840 582 1912 diverso,
597 1837 676 1901 alios
691 1839 799 1902 subito
822 1850 913 1904 etex
927 1841 1093 1926 inopinato
1113 1843 1148 1906 in
1170 1845 1271 1908 altum

218 1943 300 2020 tolli,
316 1953 355 2006 ut
368 1944 460 2027 lapsu
473 1937 616 2024 graviore
630 1947 744 2018 ruant;
736 1938 836 2002 ·huic
851 1939 966 2004 ultimo
982 1943 1069 2005 casui
1083 1943 1269 2024 insistendo,

217 2032 289 2107 haec
301 2044 440 2107 secunda
454 2039 558 2104 libelli
573 2039 747 2117 distinctio,
763 2040 943 2124 Anglorum
958 2041 1059 2126 Regis
1074 2043 1210 2109 Henrici
1224 2070 1272 2111 se-

218 2145 315 2208 cundi
329 2144 537 2230 inopinatam,
553 2151 591 2206 ut
604 2143 698 2207 nemo
714 2142 871 2227 desperet,
885 2143 1143 2210 sublimationem
1156 2158 1189 2210 et
1203 2149 1272 2232 glo·

217 2246 297 2310 riam
310 2272 318 2326 3
335 2268 471 2330 sequens
480 2267 566 2322 vero,
580 2266 708 2328 gravem
722 2244 876 2328 ejusdem,
889 2243 973 2308 utin
986 2246 1169 2329 snperbiam
1183 2271 1272 2332 pros-

219 2371 297 2433 pera
317 2348 479 2412 neminem
499 2345 669 2422 extollant,
686 2345 897 2430 dejectionem
911 2346 1032 2430 pariter
1047 2356 1081 2410 et
1095 2371 1275 2426 aerumnam

219 2449 406 2535 explicabit.
451 2447 626 2523 Quoniam,
642 2457 680 2510 ut
694 2445 740 2509 ait
755 2445 974 2530 Hieronymus
994 2448 1150 2512 Loetemnr
1164 2451 1208 2513 ad
1223 2475 1273 2514 as-

220 2553 529 2627 consummamus
551 2548 595 2611 od
609 2548 752 2632 tapsum
773 2570 833 2610 non
855 2555 901 2610 est
915 2551 998 2611 tanti
1016 2551 1129 2632 pandit
1150 2554 1273 2617 excelsa

219 2655 365 2730 tenuisse,
388 2653 499 2736 quanti
523 2651 664 2714 maeroris
686 2649 724 2711 de
749 2649 880 2712 eccelsia
905 2652 1066 2714 emanso.
1110 2651 1275 2718 Adversus

220 2765 326 2818 tantos
342 2753 463 2838 quippe
479 2751 571 2836 regni
584 2751 776 2827 detentores,
793 2761 826 2815 et
840 2761 890 2814 tot
903 2750 1059 2830 inimicos,
1074 2752 1210 2816 militem
1224 2755 1274 2818 in-

220 2856 343 2938 signem
365 2877 407 2919 sc.
425 2853 625 2939 Stephanum
640 2853 775 2936 Regem,
791 2852 893 2936 Regis
910 2851 1047 2917 Henrici
1062 2852 1090 2918 Ι.
1107 2877 1151 2918 ex
1166 2878 1273 2921 sorore

218 2967 381 3042 nepotem,
404 2967 438 3021 et
458 2956 595 3020 militem
616 2955 780 3039 egregium
807 2955 964 3041 Stephani
986 2955 1088 3040 Regis
1109 2956 1224 3035 filium,
1240 2969 1275 3023 et

219 3057 374 3122 Lodovici
397 3057 593 3122 Francorum
619 3056 720 3142 Regis
743 3057 910 3134 sororium,
935 3056 1168 3137 Eustachium
1202 3061 1275 3143 quis

219 3180 364 3242 unquam
379 3157 559 3222 Henricum
573 3157 747 3242 puerulum
761 3157 886 3221 comitis
901 3157 1141 3242 Andagavensis
1158 3160 1274 3240 filium,

220 3260 352 3323 ausibus
364 3268 430 3322 tam
441 3259 597 3344 imparem
611 3260 706 3322 armis
721 3269 754 3322 et
762 3268 837 3324 ante
849 3259 1010 3344 suffragia¹
1022 3283 1157 3346 regnum
1168 3285 1275 3348 spera-

221 3373 272 3425 ret
285 3361 503 3446 adepturum?
537 3359 638 3423 Porro
653 3359 762 3424 divina
776 3360 953 3446 dispositio,
969 3362 1067 3426 nullis
1080 3364 1207 3428 obstare
1221 3388 1275 3428 va·

221 3461 375 3539 lentibus,
391 3472 425 3526 et
438 3461 539 3525 noxia
553 3462 731 3540 submovet,
748 3471 781 3525 et
795 3462 873 3526 dum
887 3463 1017 3541 arridet,
1033 3475 1149 3529 cuncta
1163 3466 1273 3550 profu·

223 3573 297 3627 tura
311 3562 468 3626 concedit.
507 3561 563 3624 Ad
575 3561 647 3625 haec
663 3561 759 3625 etiam
774 3573 848 3647 post
859 3585 1026 3628 ascensum
1040 3565 1133 3648 regni
1147 3566 1274 3643 solium,

223 3663 296 3748 quis
320 3673 386 3727 tam
410 3685 539 3746 gravem
568 3663 710 3726 ecclesiae
736 3663 898 3740 malleum,
924 3675 990 3727 tam
1015 3665 1164 3748 iniquum
1186 3668 1278 3750 regni

222 3776 406 3850 tyrannum,
422 3773 456 3827 et
473 3764 510 3826 in
529 3762 621 3826 malis
642 3762 710 3825 fere
732 3764 856 3828 cunctis
877 3773 944 3827 tam
966 3765 1172 3841 obstinatum,
1189 3777 1278 3831 tanta

223 3876 257 3930 et
285 3877 352 3928 tam
382 3863 634 3948 incomparabili,
661 3873 814 3947 tanquam
847 3866 945 3929 rebus
973 3887 1031 3950 per
1058 3866 1165 3930 omnia
1194 3868 1277 3931 bene

223 3965 332 4049 gestis,
352 3964 494 4048 potitum
516 3963 598 4026 vidit
622 3973 656 4027 et
676 3963 820 4028 victoria.
871 3964 965 4029 Adeo
991 3976 1029 4028 ut
1048 3966 1198 4049 quotiens
1220 3991 1277 4052 per
1310 4037 1312 4046 ¹

222 4066 321 4144 filios,
333 4089 391 4150 per
404 4065 553 4142 Francos,
568 4088 626 4151 per
639 4065 845 4129 circumfusas
865 4066 933 4130 fere
956 4066 1099 4150 undique
1120 4068 1277 4147 nationes,

224 4169 254 4232 ei
280 4167 406 4251 flagella
428 4168 582 4232 divinitus
602 4167 708 4253 parari
729 4167 913 4232 viderentur
936 4167 978 4230 ad
997 4167 1187 4248 vindictam,
1211 4171 1278 4234 fere

226 4296 350 4358 semper
373 4271 477 4335 eidem
505 4278 579 4353 post
606 4268 717 4351 longas
742 4269 938 4344 vexationes,
965 4291 1040 4352 quae
1070 4270 1194 4334 utinam
1223 4272 1278 4336 de-

422 4411 428 4441 ¹
448 4409 562 4464 Auribus
575 4417 628 4463 tam
640 4409 765 4480 imparem
777 4409 854 4463 armis
866 4417 892 4462 et
905 4426 938 4462 an
950 4408 1019 4476 suff,
1032 4407 1090 4461 MS.
