3000 5040
432 549 481 598 nn
507 546 773 598 msrnuormua
799 543 1013 598 reincreuu.
1184 527 1247 599 177

430 819 432 821 ’
477 854 480 859 .
591 801 673 865 Cer.
691 797 837 866 XXXI.

177 951 229 1013 Dc
244 950 397 1033 finalibus
428 949 617 1034 quibusdam
655 951 698 1014 ad
721 953 843 1034 prioris
879 950 1066 1014 evidentiam
1095 949 1244 1035 adjectio-

665 1053 766 1116 athos.

226 1203 343 1267 Tenes
367 1213 444 1265 sunt
468 1202 570 1286 igitur
590 1202 699 1266 exitus
721 1213 940 1286 tyrannorum,
962 1214 996 1266 et
1020 1214 1086 1268 tam
1106 1205 1243 1281 cruenti,

184 1305 269 1367 sicut
298 1305 333 1366 in
358 1304 462 1387 prima
484 1303 689 1366 distinctione
712 1303 851 1388 plurima
875 1314 1021 1369 veterum
1048 1305 1164 1368 docent
1186 1329 1243 1368 ex-

182 1405 298 1489 empla.
338 1403 379 1467 In
393 1405 552 1489 principio
567 1405 684 1468 florent
698 1405 732 1468 in
750 1428 844 1468 omne
865 1407 968 1469 cordis
984 1407 1188 1484 desiderium,
1205 1419 1242 1471 ut

183 1507 241 1589 qui
256 1507 406 1570 sordibus
431 1517 507 1569 sunt
527 1507 710 1570 sordescant
725 1507 863 1592 amplius
877 1535 885 1587 ;
903 1506 989 1592 [qui]
1011 1507 1094 1571 laxis
1108 1508 1242 1570 habenis

183 1607 373 1685 efferuntur,
383 1607 418 1670 in
431 1608 496 1672 fine
511 1630 586 1670 vero
600 1608 725 1672 vindice
741 1609 875 1672 dextera
889 1609 1003 1672 misere
1017 1611 1240 1684 succumbunt,

184 1717 217 1770 et
239 1719 392 1792 tanquam
414 1709 509 1772 flores
529 1709 630 1786 verni,
654 1730 736 1792 quos
759 1708 906 1794 Zephyri
929 1709 1129 1794 Favoniique
1152 1710 1242 1773 favor

183 1812 225 1877 ad
259 1817 387 1895 tempus
416 1812 607 1888 eduxerant,
643 1813 749 1875 Boreo
777 1813 886 1875 subito
917 1811 1080 1896 Circiique
1109 1813 1239 1876 flatibus

185 1923 413 1977 emarcescunt.
459 1913 556 1977 Patet
577 1914 678 1997 igitur
705 1936 747 1977 ex
768 1914 951 1998 praemissis,
977 1914 1056 1998 quia
1079 1915 1132 1979 cui
1167 1915 1241 1999 plus

184 2014 406 2093 committitur,
437 2025 471 2078 et
509 2015 584 2099 plus
613 2015 653 2079 ab
693 2038 732 2079 eo
767 2015 922 2099 exigitur.
980 2015 1080 2079 Patet
1110 2039 1240 2100 quoque

185 2125 307 2198 quanto
335 2116 452 2200 gradus
478 2116 583 2193 altior,
613 2127 704 2180 tanto
733 2139 823 2180 casus
849 2117 983 2200 gravior.
1038 2116 1134 2180 Patet
1164 2118 1241 2201 quia

184 2217 243 2301 qui
260 2217 450 2301 longanimis
464 2228 679 2303 exspectator,
695 2219 781 2282 idem
795 2218 999 2301 gravissimus
1014 2229 1064 2281 est
1084 2230 1118 2282 et
1141 2219 1239 2283 ultor.

186 2317 293 2396 Patet,
318 2317 462 2402 inquam,
490 2320 568 2403 quia
591 2343 673 2403 quos
697 2319 804 2384 divina
827 2319 998 2382 elementia
1023 2318 1080 2382 diu
1104 2331 1142 2383 ut
1165 2342 1239 2384 cone

182 2429 350 2483 vertantur
362 2420 486 2498 tolerat,
502 2443 567 2484 non
579 2443 746 2485 conversos
757 2420 885 2504 gravius
901 2420 1040 2484 damnat.
1085 2420 1240 2487 Potentes

183 2520 270 2584 enim
301 2531 452 2606 potenter
482 2532 642 2585 tormenta
663 2523 839 2607 patientur,
864 2531 898 2584 et
918 2521 1106 2586 fortioribus
1127 2523 1242 2593 fortior

183 2621 283 2686 instat
307 2623 470 2687 cruciatio.
515 2623 643 2687 Judicia
666 2625 789 2709 quippe
812 2623 946 2688 Domini
968 2624 1101 2708 abyssus
1127 2625 1239 2690 multas

184 2723 305 2788 Nullus
319 2724 448 2809 Regum
465 2724 738 2804 Normannorum,
756 2749 828 2790 cum
850 2749 955 2810 usque
977 2727 1018 2789 ad
1039 2727 1110 2789 haec
1132 2737 1242 2790 nostra

182 2835 329 2909 tempora
349 2827 418 2910 jam
446 2827 488 2912 vj
503 2826 554 2890 vel
582 2828 636 2912 vij.
664 2828 763 2913 elapsi
787 2829 932 2906 fuerunt,
959 2828 1057 2891 vitam
1086 2827 1240 2894 laudabili

183 2926 248 2990 fine
263 2927 470 2992 terminavit.¹
515 2928 609 2993 Sicut
633 2941 743 2994 autem
763 2930 921 2993 bonorum
949 2930 1014 2993 vita
1038 2929 1132 2991 bonis
1159 2930 1239 2992 reci·

182 3029 280 3093 tanda
294 3039 343 3091 est
357 3029 398 3091 ad
411 3029 615 3106 imitandum,
640 3031 684 3094 sic
700 3030 797 3095 etiam
812 3030 968 3094 malorum
991 3030 1154 3094 interdum
1173 3043 1238 3094 tam

183 3129 275 3193 melis
291 3151 387 3213 quam
409 3130 504 3193 bonis
518 3132 559 3194 ad
574 3131 769 3196 evitandum.
813 3131 928 3196 Virtus
950 3131 1122 3211 enimvero,
1137 3143 1176 3197 ut
1193 3132 1239 3213 ait

183 3230 329 3308 Boetius,
359 3253 427 3295 sese
457 3232 565 3316 diligit
600 3234 806 3321 aspernitque
836 3233 1013 3312 contraria3
1044 3255 1102 3300 nec
1131 3245 1239 3319 potest

182 3331 302 3396 malum
338 3331 434 3396 vitari
470 3334 532 3397 nisi
568 3335 744 3418 cognitum.
790 3334 885 3397 Unde
912 3345 946 3397 et
970 3335 1052 3398 illud
1087 3335 1238 3420 sapientis

184 3432 367 3516 eulogium3
408 3435 576 3498 Erudiunt
614 3435 806 3518 plerumque
839 3434 941 3497 bonos
978 3435 1127 3519 exempla
1172 3459 1240 3498 ma-

181 3532 296 3599 lorum.
343 3535 413 3598 Nec
436 3537 540 3600 solum
562 3537 734 3621 principes,
763 3557 949 3618 quanquam
969 3535 1108 3619 principi
1131 3547 1238 3600 tamen

181 3636 345 3719 praecipue
370 3637 487 3700 titulus
509 3638 689 3714 conveniat,
716 3637 773 3700 sed
800 3636 898 3700 etiam
923 3635 1061 3720 praelati,
1086 3658 1145 3700 nec
1172 3660 1237 3701 non

182 3746 215 3799 et
253 3737 371 3821 privati
411 3739 562 3823 quilibet,
593 3740 646 3805 hic
684 3738 850 3802 invenient
887 3748 953 3801 tam
991 3760 1049 3820 per
1088 3739 1239 3822 exempla

182 3860 279 3922 quam
293 3851 465 3924 praecepta,
481 3852 514 3904 et
537 3840 625 3924 quod
647 3840 760 3924 fugere
784 3839 931 3916 debeant,
954 3849 989 3902 et
1011 3840 1098 3922 quod
1122 3840 1236 3924 sequit

181 3940 315 4024 longum
331 3941 416 4004 enim
435 3941 497 4005 iter
519 3953 578 4020 est,
595 3953 633 4005 ut
655 3942 702 4005 ait
726 3941 956 4024 Hieronymus,
971 3962 1029 4024 per
1054 3951 1238 4024 praecepta«,

180 4043 383 4106 commodum
397 4053 506 4106 autem
521 4055 555 4106 et
570 4042 833 4127 compendiosum
846 4063 905 4125 per
920 4041 1077 4125 exempla.
1108 4043 1237 4110 Bonum

101 4144 103 4148 ’
182 4153 232 4207 est
258 4143 357 4226 igitur
384 4144 488 4206 alieno
517 4143 552 4206 in
579 4143 664 4206 malo
692 4142 848 4226 fugienda
874 4141 1007 4210 intueri.
1051 4142 1238 4227 Indempnis

183 4243 305 4328 quippe
329 4255 378 4308 est
398 4245 575 4328 castigatio,
600 4267 697 4327 quam
719 4244 905 4329 praedocent
928 4244 1142 4328 exemplaria,
1159 4245 1241 4308 felix

427 4368 434 4398 ¹
454 4367 544 4438 Henry
558 4366 611 4420 111.
623 4367 705 4438 began
717 4376 744 4420 to
756 4367 836 4436 reign,
849 4384 874 4421 r.
888 4384 912 4420 n.
928 4368 1004 4422 1217.
1058 4360 1061 4364 ⁴

1088 4477 1109 4520 N
