3000 5040
405 541 473 605 'nn
497 554 763 605 msrnuononn
788 553 1001 602 rnrncrrun.
1182 540 1244 602 153

191 703 231 765 de
269 703 430 768 Lodovico
467 705 663 768 Francorum
698 704 790 787 Rege
826 714 984 787 suscepta,
1016 707 1094 764 una¹
1125 701 1244 764 Comiti

193 805 547 890 Campaniae‘Henrico,
563 806 684 869 altera2
699 805 791 868 fratri
806 805 948 889 ejusdem
966 803 1085 867 Comiti
1101 803 1245 866 Blesensi

194 907 380 971 Theobaldo
407 908 548 991 legitime
586 907 746 991 copulata,
776 916 841 969 tam
877 905 911 966 in
941 905 1111 968 Palestinis
1148 927 1244 988 quam

194 1007 384 1072 Graecorum
397 1009 516 1072 finibus
531 1009 673 1072 fructum
686 1007 802 1084 amisit,
818 1007 913 1069 nimis
928 1016 977 1069 est
991 1017 1115 1070 notum.

236 1109 291 1172 Ad
309 1111 379 1173 haec
395 1110 491 1174 etiam
511 1121 550 1174 ut
572 1111 758 1173 ostendatur
779 1108 918 1192 qualiter
932 1130 975 1171 ex
989 1108 1090 1191 Regis
1112 1106 1245 1189 Henrici

193 1221 283 1294 parte
307 1212 401 1274 radix
425 1234 555 1296 quoque
584 1209 768 1295 propaginis
794 1209 906 1272 vitiata
943 1209 1055 1285 fuerit,
1082 1210 1246 1272 sciendum

196 1312 284 1393 quod
299 1312 478 1397 Imperator
502 1311 674 1388 HenricuS,
692 1309 757 1392 (cui
777 1319 930 1393 nupserat
951 1310 1018 1372 filia
1033 1311 1133 1394 Regis
1156 1310 1249 1373 Hen-

196 1412 254 1475 rici
284 1413 381 1497 primi
416 1423 450 1476 et
480 1423 582 1475 mater
613 1411 755 1488 secundi,
779 1410 908 1473 nomine
935 1411 1092 1487 Matildis,
1124 1412 1247 1496 quique

197 1525 330 1597 propter
344 1514 500 1578 ambitum
516 1524 679 1577 terrenum
701 1513 806 1598 primo
828 1523 954 1597 patrem
969 1535 1063 1575 suum
1090 1513 1247 1575 carnalem

196 1628 326 1700 captum
340 1616 374 1679 in
387 1617 521 1680 vinculis
536 1617 653 1693 tenuit,
670 1627 703 1680 et
718 1627 829 1700 postea
843 1615 1052 1699 spiritualem,
1068 1638 1185 1700 papam
1204 1639 1246 1679 sc.

198 1716 408 1800 Paschalem,)
436 1718 607 1803 imperium
630 1728 743 1802 sponte
770 1717 913 1802 reliquit,
937 1717 1027 1779 etin
1049 1717 1172 1780 ultimis
1195 1739 1249 1780 oc·

199 1818 364 1882 cidentalis
392 1820 570 1883 Britanniae
601 1842 710 1883 versus
746 1819 901 1882 Cestriam
931 1819 1051 1882 finibus
1083 1819 1248 1882 heremum

197 1929 319 2004 petens,
345 1920 456 2004 ibique
476 1943 578 2005 usque
599 1921 639 1983 ad
666 1920 792 1984 obitum
813 1943 908 1982 suum
931 1930 1038 1982 sancte
1054 1930 1087 1983 et
1101 1920 1249 2003 religiose

197 2023 407 2106 penitentiam
435 2023 527 2106 egit.³
580 2021 820 2107 Imperatricem
848 2045 923 2086 vero
949 2043 1105 2090 reversam
1136 2022 1250 2086 Comes

198 2123 396 2207 Andegaviae
413 2123 604 2201 Gaufridus,
619 2134 711 2209 patre
735 2125 892 2200 tradente,
909 2124 964 2186 sed
981 2124 1096 2188 marito
1110 2124 1249 2200 vivente,

197 2235 332 2308 nuptam
352 2226 493 2309 suscepit
514 2226 663 2309 filiosque
679 2248 772 2289 exea
795 2226 919 2308 genuit,
936 2248 1074 2309 quorum
1089 2227 1173 2289 duo⁴
1182 2227 1251 2310 jam

197 2326 232 2388 in
247 2327 334 2410 spica
348 2335 382 2389 et
401 2349 456 2410 spe
482 2349 607 2410 magna,
623 2327 731 2390 subito
755 2337 861 2390 tamen
884 2336 917 2388 et
940 2327 1008 2390 sine
1023 2328 1133 2390 fructu
1149 2350 1251 2390 emar·

199 2437 336 2490 cuerunt
359 2437 392 2490 et
420 2439 630 2492 evanuerunt.
677 2428 807 2491 Tertius
830 2438 949 2505 autern,
972 2438 1010 2492 ut
1039 2427 1159 2493 dictum
1190 2439 1249 2507 est,

199 2529 302 2612 coepit
316 2528 413 2591 altius
425 2549 522 2612 quam
537 2528 652 2592 finivit.

242 2628 327 2692 Item
352 2628 466 2692 Comes
492 2628 690 2712 Andegaviae
718 2628 902 2692 Gaufredus
930 2629 1058 2713 Regina
1083 2630 1248 2708 Alienora,

200 2731 327 2814 quando
353 2729 552 2793 senescallus
575 2730 720 2794 Franciae
750 2730 824 2808 fuit,
848 2731 968 2793 abusus
996 2731 1122 2807 fuerat;
1154 2755 1250 2816 super

200 2854 265 2915 quo
280 2843 314 2894 et
327 2831 431 2895 filium
446 2854 542 2894 suum
558 2830 736 2894 Henricum
759 2831 890 2915 pluries,
906 2841 944 2894 ut
966 2829 1250 2917 dicitur‚prae1nu-

199 2931 297 3008 nivit3
321 2954 453 2994 monens
476 2941 508 2994 et
537 2931 711 3015 prohibens
737 2932 840 2996 modis
865 2933 1077 2996 omnibusne
1105 2944 1251 3017 tangeret

198 3032 297 3108 illam,
315 3041 384 3095 tum
408 3033 484 3115 quia
498 3033 619 3095 domini
645 3034 695 3097 sui
718 3056 842 3117 sponsa,
858 3044 926 3096 tum
949 3035 1046 3098 etiam
1066 3035 1216 3119 quoniam
1232 3058 1251 3098 a

198 3144 288 3216 patre
304 3156 362 3196 suo
377 3134 440 3197 fuit
455 3143 529 3197 ante
545 3135 682 3218 cognita.

242 3235 297 3298 Ad
326 3235 491 3298 cumulum
519 3236 620 3318 igitur
648 3259 838 3301 excessuum
866 3238 962 3302 nimis
990 3240 1168 3303 enormium
1205 3239 1250 3304 sic

198 3337 315 3401 dictam
330 3337 475 3401 Franciae
502 3337 663 3422 Reginam
688 3339 765 3403 Rex
785 3339 947 3403 Henricus
970 3342 1150 3406 adulterino
1175 3364 1251 3406 con-

198 3439 321 3515 cubitu,
338 3438 422 3502 sicut
435 3439 520 3502 fama
535 3439 695 3523 dispersit,
711 3441 856 3523 polluere
876 3443 1091 3525 praesumpsit,
1107 3443 1250 3506 domino-

198 3561 261 3621 que
285 3561 343 3602 suo
369 3539 414 3601 sic
439 3539 541 3622 ipsam
565 3540 727 3603 subtraxit
751 3541 877 3622 sibique
903 3541 1091 3605 maritaliter
1118 3544 1250 3606 eandem

199 3639 238 3700 de
259 3639 345 3702 facto
365 3639 536 3722 copulavit.
584 3639 745 3716 Qualiter,
762 3663 884 3724 quaeso,
901 3663 944 3704 ex
958 3643 1074 3725 copula
1089 3643 1145 3706 tali
1168 3643 1250 3706 felix

198 3739 306 3822 potuit
321 3739 470 3823 prosapia
482 3739 592 3803 nasci?

237 3918 243 3947 ¹
263 3917 348 3988 Mary,
359 3917 482 3987 daughter
492 3919 521 3971 of
528 3919 639 3972 Eleanor
651 3921 702 3974 and
749 3923 789 3992 pis
802 3923 996 3993 Andegavensis
1015 3923 1161 3976 confictum.
1182 3923 1250 3976 Con·

201 3985 280 4039 Louis
299 3987 366 4053 Vll,
378 3988 480 4040 mother
499 3989 529 4040 of
545 3990 642 4060 Henry,
657 3991 701 4044 the
749 4001 801 4044 stat
824 3993 894 4045 enim
919 4010 952 4045 ex
977 3993 1106 4045 historicis
1131 3994 1251 4046 omnibus

200 4056 364 4109 unfortunate
377 4057 653 4126 KingofJemsalem.
750 4062 892 4115 Henricum
918 4062 952 4116 V.
977 4063 1156 4155 imperatorem
1184 4080 1251 4116 anno

234 4126 335 4178 ²Alcis
360 4145 389 4178 or
416 4128 510 4193 Adela,
534 4129 620 4181 whose
654 4147 700 4182 son
751 4135 818 4184 1125
831 4132 1033 4184 vitasunctum.’
1070 4132 1155 4200 Bouq.

199 4195 277 4247 Lonis
297 4196 356 4248 died
381 4197 408 4248 in
432 4197 476 4250 the
500 4198 648 4268 expedition
673 4209 700 4252 to
785 4202 928 4271 ⁴Geoffry,
943 4200 1003 4253 Earl
1021 4201 1050 4253 of
1070 4200 1180 4270 Nautes,
1194 4201 1251 4254 who

200 4264 418 4336 Constantinople.
750 4269 809 4322 died
830 4271 857 4322 in
883 4271 958 4338 1157,
981 4271 1031 4323 and
1048 4269 1176 4339 Williem,
1194 4271 1252 4324 who

232 4335 451 4404 ³“Figmenturn
475 4336 502 4388 in
529 4337 616 4390 odium
641 4338 699 4391 stir-
751 4339 809 4392 died
822 4339 849 4392 iu
864 4343 940 4394 1163.
