3000 5040
248 432 290 497 56
561 454 742 505 erasinus
767 456 993 507 canaanusrs

250 601 462 681 clementiam,
471 612 695 688 perpetuaque
704 602 858 666 memoria
870 613 903 666 et
912 602 1063 687 exemplo
1075 601 1303 686 dignissimam,

250 705 463 789 superborum
487 715 520 768 et
542 704 728 768 sublimium
751 703 840 768 collis
862 704 942 767 mira
964 704 1084 767 virtute
1108 704 1245 780 calcatis,
1273 715 1306 766 et

251 805 398 869 hostibus
412 805 534 890 ubique
549 805 767 890 triumphatis,
783 804 817 868 in
832 804 941 888 Reges
964 816 998 869 et
1013 803 1180 889 Principes
1195 806 1306 880 victos,

253 906 330 972 Rex
338 917 372 970 et
382 907 482 971 victor
492 905 684 982 exercueris,
697 915 730 969 et
740 928 813 970 vere
824 905 901 970 Rex
914 907 1026 992 victor,
1036 907 1180 970 animum
1188 906 1308 969 virtute

253 1030 378 1092 regens,
393 1009 538 1092 iramque
553 1007 709 1078 modestia
723 1007 862 1072 vincens.
892 1007 983 1072 Illud
998 1030 1129 1092 quoque
1143 1007 1308 1071 heroicum

254 1109 438 1178 memoriter
459 1108 622 1172 recolens:
647 1108 773 1174 ‘Vince
796 1108 930 1186 animos,
958 1109 1104 1193 iramque
1128 1118 1228 1185 tuam,
1251 1108 1309 1192 qui

256 1221 374 1274 caetera
386 1209 508 1274 vincis’
551 1209 598 1274 Et
611 1209 693 1274 illud
708 1208 816 1273 nobile
832 1208 903 1274 caii
919 1208 1054 1274 Caesaris
1069 1209 1233 1293 eulogium
1244 1209 1309 1272 alta

256 1321 364 1374 mente
380 1310 571 1400 revolvens:
597 1310 766 1374 ‘Perierat
789 1320 879 1375 totus
893 1311 978 1374 orbis
993 1311 1054 1374 nisi
1076 1311 1177 1376 iram¹
1200 1311 1310 1374 finiret

257 1412 494 1478 misericordia:
537 1411 584 1478 Et
598 1422 705 1478 cetera
720 1412 815 1478 laude
828 1412 1045 1497 dignissima.”

678 1618 759 1684 Car.
776 1619 901 1684 XXII.

260 1770 313 1832 De
338 1789 431 1852 regno
458 1770 744 1854 Hierosolymitaao
762 1793 824 1856 per
842 1770 990 1834 Solodiai
1010 1772 1182 1854 potentiam
1201 1772 1313 1834 iterum

531 1879 635 1934 artato
641 1873 713 1956 jum
728 1875 820 1936 nimis
834 1881 865 1936 et
879 1873 1056 1956 oppresso.⁹

308 2018 364 2082 Ur
378 2028 488 2083 autem
501 2020 542 2084 ad
555 2021 698 2085 historiae
711 2020 824 2084 seriem
836 2019 1013 2096 redeamus,
1026 2031 1059 2083 et
1073 2019 1114 2082 ad
1128 2019 1315 2082 orientalem

168 2172 224 2200 omo
266 2121 438 2185 Palestinae
466 2122 631 2206 regionem
659 2122 821 2206 paulisper
848 2120 968 2204 stylum
992 2132 1162 2184 vertamus.
1227 2121 1316 2184 Dum

264 2223 335 2286 haec
360 2223 395 2285 in
420 2224 593 2287 occidentis
618 2223 764 2308 partibus
791 2231 958 2304 geruntur,
972 2245 1108 2306 regnum
1129 2221 1318 2306 Hierosoly-

265 2325 423 2389 mitanum
443 2335 477 2388 et
492 2324 648 2388 Crucifixi
669 2323 894 2408 patrimonium
917 2346 973 2408 per
995 2322 1120 2386 Saldini
1142 2325 1317 2410 cujusdam,

265 2427 326 2492 viri
340 2426 447 2510 magni
460 2425 496 2488 in
510 2435 606 2508 gente
621 2434 725 2488 suaet
743 2425 914 2508 magnifici,
929 2425 1024 2489 nimis
1046 2425 1183 2510 amplam
1205 2435 1319 2510 poten-

266 2529 355 2605 tiam,
377 2528 433 2611 qui
456 2527 614 2590 Damasco
636 2525 858 2610 Babyloniam,
877 2526 1120 2603 Alexandriam,
1140 2549 1264 2590 necnon
1287 2537 1320 2590 et

268 2630 437 2713 Egyptum
451 2638 551 2691 totam
566 2627 729 2712 adjiciem,
744 2629 969 2712 bellicosisque
985 2628 1179 2692 Parthorum
1192 2628 1320 2713 populis

267 2742 416 2815 potenter
429 2730 599 2814 imperans
612 2752 710 2814 regna
720 2731 955 2814 quamplurima
966 2753 1033 2794 suae
1046 2730 1160 2793 ditioni
1173 2731 1321 2814 largitate

269 2833 369 2915 magis
384 2842 417 2894 et
432 2831 632 2896 animositate
648 2855 744 2916 quam
758 2831 951 2894 hereditaria
966 2832 1163 2915 proprietate
1179 2833 1321 2916 subjece-

269 2945 329 3010 rat,
345 2932 446 2996 nobili
461 2933 500 2994 de
515 2931 736 2996 Vado-Jacobi
751 2931 968 2994 castellucum
991 2933 1061 2995 aliis
1076 2933 1267 3017 quibusdam
1288 2933 1320 2994 in

270 3032 410 3100 marchia
424 3031 592 3106 subversis,
606 3041 735 3120 praeter
748 3031 878 3101 solitum
897 3033 993 3096 artari
1008 3033 1107 3118 coepit
1122 3044 1156 3096 et
1170 3033 1322 3109 enervari,

272 3145 306 3204 et
319 3132 403 3196 infra
417 3130 569 3216 pristinos
590 3132 683 3215 regni
697 3131 777 3202 fines
798 3131 892 3216 longe
907 3134 1092 3219 substringi.
1138 3134 1325 3198 Accesserat

273 3235 313 3299 ad
326 3233 397 3297 haec
412 3231 612 3301 incommoda
624 3233 700 3316 quia
712 3234 840 3317 Regum
854 3236 1005 3320 prosapia*
1011 3258 1069 3320 per
1080 3235 1324 3299 invalitudinem

272 3334 427 3410 heredum
460 3341 494 3397 et
532 3331 761 3411 infirmitatem,
802 3357 899 3398 sexus
938 3359 1068 3420 quoque
1105 3335 1324 3419 fragilitatem,

274 3444 427 3498 evacuata
453 3456 554 3518 prope
582 3435 713 3519 penitus
740 3435 847 3499 fuerat
872 3446 906 3500 et
934 3437 1108 3514 exinanita,
1138 3460 1262 3501 necnon
1293 3452 1326 3503 et

276 3535 433 3613 discordia
458 3535 543 3598 inter
567 3537 703 3621 majores
724 3547 860 3614 nostros,
885 3536 1011 3620 Regem
1033 3538 1262 3602 seWidonem
1293 3551 1327 3604 et

277 3636 436 3704 Comitem
448 3637 708 3721 Tripolitanum³
719 3639 776 3722 qui
789 3638 829 3701 ad
842 3631 976 3722 regnum
987 3639 1179 3725 adspirabat,
1188 3641 1328 3725 peccatis

276 3738 477 3822 urgentibus,
493 3739 735 3823 implacabiliter
749 3750 871 3805 exorta.
918 3739 1010 3804 Sicut
1024 3764 1068 3806 ex
1081 3741 1198 3807 litteris
1212 3743 1328 3806 summi

280 3901 284 3906 -
313 3862 414 3932 ¹Eam,
427 3862 486 3917 MS.
862 3863 1033 3935 ³Raym0nd.
1069 3865 1118 3918 See
1129 3865 1234 3920 Robert.
1248 3867 1329 3919 Altis-

313 3932 324 3961 ²
341 3932 393 3987 For
405 3949 420 3984 e
432 3932 507 3984 fuller
524 3933 649 3986 narrative
661 3933 691 3985 of
707 3932 779 3985 these
827 3933 892 3988 siod.
905 3933 931 3985 in
944 3933 1002 3985 Bou
1020 3942 1071 4001 uet,
1084 3935 1157 3989 xviii.
1167 3939 1227 3990 253.
1245 3936 1330 4005 “lpse

278 4009 375 4069 events,
388 4018 431 4053 see
449 4001 542 4054 Diceto
560 4002 585 4054 in
604 4001 739 4071 Tvysden‚
752 4020 777 4072 p.
828 4002 921 4055 Comes
931 3952 1215 4072 Regilerosolimorum
1222 4021 1329 4073 regnum

280 4074 351 4135 621;
369 4070 454 4192 Ralph
468 4070 633 4141 coggeshele,
643 4071 670 4123 in
683 4071 778 4124 Chron.
798 4103 800 4106 >
827 4071 957 4125 invidebat
977 4082 1002 4125 et
1021 4072 1185 4143 conjugem.''
1222 4073 1329 4128 Gervas.

299 4143 372 4205 .60,
392 4157 406 4192 e
426 4178 433 4192 .
457 4141 593 4210 Bonquet;
612 4139 714 4194 andin
737 4140 778 4192 his
826 4159 852 4213 p.
867 4145 943 4196 1501.

322 4209 425 4261 ronicon
460 4210 546 4263 Terrae
576 4210 684 4276 Sancte,
709 4209 778 4278 apud

280 4277 405 4346 Martene,
419 4279 530 4350 Amplis.
545 4279 611 4333 Ooll.
625 4297 649 4332 v.
662 4283 722 4334 668.
