3000 5040
264 466 328 528 154
361 528 367 533 ,
574 480 759 534 omnious
784 483 1014 535 cmaansrs

305 632 469 709 Preterea,
486 632 625 717 qualiter
645 633 750 698 dictus
766 633 965 719 Andegaviae
991 635 1107 699 Comes
1122 635 1323 712 Gaufredus,

262 733 296 796 iu
307 744 453 797 sanctum
468 734 648 797 Gerardum
666 734 851 817 Sagiensem
866 736 1052 820 episcopum
1066 738 1257 800 eunucando
1267 737 1323 800 de-

262 834 364 912 saevit,
391 846 426 898 et
453 835 488 898 in
518 835 682 898 Christum
709 835 843 900 Domini
871 847 1019 901 cruentas
1047 861 1161 900 manus
1187 838 1320 922 injecit,

263 937 403 1020 qualiter
419 937 518 1000 etiam
542 936 621 1000 Rex
644 935 816 1013 Henricus,
841 960 860 1000 a
880 949 1016 1022 patemo
1036 937 1155 1002 scelere
1178 961 1243 1002 non
1267 940 1323 1002 de·

262 1060 428 1123 generans,
464 1039 499 1101 in
527 1039 659 1102 beatum
686 1050 860 1122 martyrem
889 1039 1047 1102 Thomam
1075 1039 1215 1103 insanire
1237 1064 1322 1125 prae·

263 1141 423 1225 sumpsit3
455 1142 496 1204 ad
517 1151 706 1225 perpetuam
733 1141 859 1222 generis
880 1141 981 1205 totius
1002 1141 1211 1225 ignominiam
1233 1153 1321 1207 utra-

265 1265 328 1326 que
343 1243 437 1306 nimis
452 1253 502 1306 est
514 1242 648 1305 historia
660 1245 761 1305 nota.¹

308 1343 403 1420 Item,
421 1343 591 1407 Comitissa
615 1342 762 1426 quaedam
786 1341 995 1425 Andegaviae,
1011 1342 1124 1406 formae
1139 1342 1321 1427 conspicuae

264 1447 320 1509 sed
354 1445 494 1510 nationis
528 1445 660 1528 ignotae,
690 1456 725 1508 et
760 1467 779 1508 a
809 1443 936 1507 Comite
963 1445 1005 1508 ob
1043 1445 1143 1507 solam
1180 1445 1321 1528 corporis

264 1547 456 1630 elegantiam
485 1546 602 1622 ductae,
631 1545 673 1608 ad
702 1545 867 1610 ecclesiam
895 1567 967 1609 raro
989 1546 1151 1623 veniebat,
1181 1557 1216 1610 et
1243 1555 1321 1608 tunc

263 1649 299 1711 iu
324 1672 362 1712 ea
390 1671 504 1733 parum
528 1649 578 1712 vel
606 1647 688 1711 nihil
716 1647 895 1712 devotionis
924 1647 1125 1724 ostendebat,
1153 1669 1320 1730 nunquam

264 1760 373 1813 autem
397 1751 558 1833 usquead
580 1771 734 1813 canonem
754 1749 866 1812 Missae
885 1758 1043 1812 secretum
1066 1749 1101 1811 in
1116 1748 1249 1812 ecclesia
1271 1770 1321 1811 re-

264 1852 425 1928 manebat,
439 1853 495 1914 sed
517 1852 582 1914 cito
603 1861 677 1934 post
691 1850 906 1933 Evangelium
928 1873 1054 1934 semper
1072 1850 1163 1912 exire
1185 1849 1320 1913 solebat.

265 1953 410 2015 Tandem
438 1961 544 2014 tamen
573 1960 639 2013 tam
667 1973 685 2014 a
715 1949 842 2014 Comite
871 1973 968 2034 quam
997 1951 1037 2014 ab
1063 1951 1133 2014 aliis
1161 1951 1222 2014 hoc
1246 1973 1320 2014 cum

264 2052 473 2117 admiratione
487 2061 610 2129 notato,
627 2073 700 2115 cum
722 2052 763 2115 ad
777 2052 941 2115 ecclesiam
962 2052 1019 2115 illa
1032 2052 1172 2116 venisset
1187 2061 1221 2115 et
1242 2052 1322 2117 hora

264 2154 358 2218 solita
376 2154 466 2216 exire
491 2163 629 2238 pararet,
644 2153 755 2218 videns
777 2176 796 2217 a
816 2165 956 2237 quatuor
976 2154 1135 2218 militibus
1153 2164 1320 2239 praecepto

264 2255 401 2320 Comitis
423 2277 457 2318 se
479 2255 622 2332 retineri,
645 2257 764 2340 rejecto
784 2255 894 2320 statim
919 2255 1018 2341 pallio
1039 2279 1098 2341 per
1120 2256 1208 2340 quod
1229 2266 1320 2319 tene-

264 2358 371 2435 batur,
404 2367 438 2420 et
466 2357 592 2420 duobus
627 2357 703 2421 filiis
739 2357 805 2422 suis
839 2357 955 2442 parvis,
983 2381 1065 2442 quos
1103 2359 1163 2422 sub
1201 2358 1318 2422 dextro

264 2459 355 2544 pallii
379 2481 486 2543 panno
508 2481 616 2522 secum
639 2459 789 2534 habebat,
806 2459 853 2523 ibi
877 2459 997 2523 relictis
1011 2483 1085 2523 cum
1100 2459 1224 2537 ceteriS,
1246 2460 1318 2523 aliis

264 2561 390 2624 duobus
417 2560 474 2643 qui
500 2560 628 2624 stabant
653 2582 673 2623 a
697 2560 826 2623 sinistra
850 2561 910 2624 sub
935 2561 1066 2624 brachio
1091 2561 1237 2646 arreptis,
1260 2583 1319 2645 per

262 2662 435 2727 fenestram
449 2661 592 2725 ecclesiae
607 2661 788 2738 sublimem,
803 2660 927 2725 cunctis
941 2662 1153 2738 intuentibus,
1169 2663 1318 2727 evolavit.

263 2765 310 2828 Et
334 2764 379 2828 sic
406 2764 520 2827 mulier
545 2764 611 2840 illa,
626 2763 708 2826 facie
731 2763 894 2847 pulchrior
920 2785 1016 2846 quam
1040 2764 1115 2840 fide,
1130 2787 1205 2828 cum
1226 2763 1318 2848 prole

262 2866 391 2951 gemina
426 2888 535 2930 secum
569 2867 743 2950 assumpta,
773 2887 940 2948 nunquam
968 2865 1016 2928 ibi
1051 2875 1164 2950 postea
1189 2885 1318 2950 compa-

262 2967 339 3032 ruit.

306 3069 401 3132 Istud
421 3077 530 3130 autem
544 3067 622 3130 Rex
636 3066 795 3129 Ricardus
818 3088 903 3150 saepe
925 3065 1045 3129 referre
1060 3067 1194 3146 solebat,
1210 3066 1319 3132 dicens

263 3191 329 3232 non
355 3191 422 3232 esse
446 3167 638 3242 mirandum,
653 3167 681 3229 si
703 3167 743 3230 de
765 3189 882 3250 genere
897 3167 954 3230 tali
976 3177 1010 3232 et
1030 3168 1091 3230 filii
1115 3180 1265 3252 parentes
1284 3180 1319 3232 et

264 3292 332 3334 sese
355 3271 396 3333 ad
416 3269 552 3332 invicem
568 3268 683 3331 fratres
703 3267 856 3331 infestare
878 3291 943 3331 non
964 3280 1105 3348 cessent;
1130 3270 1169 3332 de
1190 3269 1318 3333 diabolo

263 3383 403 3454 namque
432 3392 486 3433 eos
522 3391 631 3432 omnes
659 3369 781 3433 venisse
818 3379 853 3432 et
880 3369 921 3432 ad
957 3369 1121 3433 diabolum
1157 3371 1319 3436 didicebat

263 3475 366 3537 ituros
381 3495 460 3537 esse.
506 3469 590 3533 Cum
611 3470 711 3554 igitur
734 3493 777 3534 ex
799 3471 886 3534 omni
909 3480 999 3555 parte
1021 3471 1116 3534 radix
1137 3471 1238 3535 fuerit
1253 3483 1318 3535 tam

263 3575 388 3651 vitiosa,
419 3573 558 3656 qualiter
592 3572 667 3635 hinc
702 3594 845 3657 propago
874 3571 925 3634 vel
951 3571 1116 3637 fructuosa
1151 3575 1318 3657 pervenire

262 3689 369 3761 posset
381 3676 432 3738 vel
446 3675 608 3738 virtuosa?

306 3778 360 3841 Ad
389 3778 458 3840 baec
481 3776 578 3840 etiam
604 3797 677 3838 cum
704 3775 738 3838 in
765 3796 866 3837 werra
898 3775 1036 3858 quadam
1064 3778 1187 3860 grandi,
1218 3800 1314 3862 quarn

261 3881 339 3945 Rex
361 3879 557 3944 Francorum
579 3875 759 3939 Lodovicus
783 3874 869 3957 Regi
886 3874 1016 3959 Angliae
1040 3876 1184 3942 Henrico
1209 3901 1317 3942 move-

260 3993 321 4060 rat,
350 3981 465 4044 missus
494 4002 512 4042 a
539 3979 632 4060 Rege
666 3976 810 4040 Henrico
837 3977 953 4041 fuisset
995 3979 1035 4041 ad
1072 3979 1223 4044 comitem
1252 3979 1316 4043 Ar·

261 4084 390 4147 moricae
415 4081 593 4146 Britanniae
616 4078 813 4143 Gaufridum
837 4079 970 4163 clericus
1000 4081 1130 4164 quidam
1158 4081 1316 4152 facundus

262 4195 295 4248 et
324 4185 457 4260 facetus,
487 4183 578 4266 cujus
603 4180 800 4265 nuncupatio
830 4179 1035 4246 Godefredus
1059 4183 1098 4246 de
1128 4183 1231 4268 Lucy,
1258 4184 1316 4266 qui

649 4307 656 4335 ¹
676 4304 746 4356 Vide
759 4322 843 4374 supra,
856 4323 881 4374 p.
898 4305 939 4357 17.
