3000 5040
422 478 472 528 DE
496 477 763 529 INSTRUGTIONE
789 478 1004 528 PRINCIPUM.
1174 463 1236 524 109

183 628 333 706 habebat,
348 637 382 692 et
403 639 510 692 tamen
524 629 579 691 alii
594 629 738 706 cuilibet,
753 629 850 692 etiam
863 628 940 705 filio,
955 628 1095 712 idipsum
1107 627 1238 711 aggredi

184 751 248 791 non
262 730 465 794 mediocriter
476 730 651 795 invidebat.
690 784 693 788 .

229 831 330 916 Apud
360 831 602 895 Geldefordiam
637 831 737 914 igitur
764 854 872 896 versus
904 853 990 893 mare
1025 830 1239 914 deproperans

185 957 256 996 cum
289 933 367 996 Rex
392 944 620 1017 pernoctasset,
647 933 846 1017 capellanum
876 932 1036 1015 quendam
1069 931 1109 993 de
1140 932 1238 1008 curia,

184 1034 238 1097 cui
269 1056 385 1097 nomen
420 1034 608 1110 GualteruS,
639 1034 807 1117 agnomine
842 1033 1046 1109 Daumartin,
1078 1032 1238 1096 Dominus

185 1135 294 1198 eadem
321 1145 416 1199 nocte
450 1135 507 1199 tali
533 1136 653 1198 visione
685 1135 836 1198 visitavit.
881 1135 1064 1200 Videbatur
1096 1135 1180 1197 enim
1208 1133 1239 1196 ei

185 1236 273 1319 quod
297 1235 587 1324 Archiepiscopum
616 1236 786 1320 quendam,
815 1236 907 1320 quasi
936 1236 976 1298 ad
1005 1235 1110 1298 altaris
1138 1257 1240 1298 sacra·

184 1349 293 1403 menta
329 1346 467 1401 stantem
505 1336 629 1400 videret
668 1337 869 1421 insignitum,
913 1337 1097 1400 flammeum
1142 1358 1238 1399 manu

185 1439 319 1505 dextera
354 1437 497 1520 gladium
533 1446 707 1514 tenentem,
738 1448 891 1520 tanquam
925 1437 1058 1499 alteram
1096 1424 1239 1499 Paradisi

184 1539 380 1622 rompheam,
409 1538 530 1600 aditum
564 1539 674 1622 januae
703 1537 828 1601 celestis
855 1538 917 1600 nisi
943 1537 1180 1622 poenitentibus
1207 1548 1241 1601 et

186 1640 345 1704 conversis
366 1640 588 1723 abnegantem.
634 1639 674 1702 In
701 1662 798 1724 quem
824 1640 901 1705 dum
927 1639 1113 1722 diligentius
1134 1639 1240 1702 inten-

186 1742 286 1818 deret,
303 1741 470 1805 videbatur
485 1742 515 1804 ei
538 1741 626 1825 quod
641 1741 780 1804 Thomas
794 1741 871 1803 olim
896 1740 1135 1804 Cantuariensis
1153 1740 1239 1803 exis·

185 1851 279 1919 teret,
292 1842 349 1926 qui
369 1842 516 1926 protinus
531 1842 640 1907 oculos
665 1843 701 1906 in
723 1842 830 1926 ipsum
847 1842 964 1906 acriter
984 1843 1237 1925 contorquendo,

184 1943 393 2026 gladiumque
418 1944 583 2020 vibrando,
608 1966 732 2006 sacrum
762 1967 798 2006 os
833 1944 868 2006 in
897 1944 968 2006 haec
996 1944 1094 2006 verba
1120 1943 1237 2010 Latina

184 2044 330 2108 resolvit:
356 2044 487 2123 “-Vide,
501 2045 627 2129 gladius
650 2045 712 2108 iste
737 2068 847 2109 recens
871 2055 929 2122 est,
951 2067 1037 2108 nunc
1051 2029 1236 2123 fabricatus,

184 2146 326 2209 nondum
349 2148 488 2211 refrixit.
534 2147 673 2211 Gladius
694 2147 755 2210 iste
778 2147 1047 2210 transverberabit
1070 2146 1236 2209 dominum

185 2256 278 2311 tuum
299 2249 446 2332 Regem3
465 2252 565 2334 juxta
589 2249 672 2312 illud
696 2248 887 2325 Psalmistae,
909 2248 987 2311 Nisi
1010 2249 1148 2310 conversi
1163 2249 1238 2328 sac-

183 2351 265 2424 ritis,
279 2349 419 2431 gladium
433 2372 519 2412 saum
530 2351 665 2413 vibrabit
676 2374 684 2426 3
701 2371 807 2411 arcam
818 2371 906 2410 suam
918 2347 1060 2424 tetendit,
1070 2357 1100 2410 et
1109 2351 1238 2432 paravit

183 2449 302 2513 illam.”
336 2449 453 2534 quue
469 2450 565 2527 dicto,
578 2461 612 2513 et
623 2473 759 2534 persona
770 2449 922 2513 terribilis
937 2449 1083 2526 evanuit3
1101 2460 1134 2512 et
1147 2471 1239 2532 pres-

183 2551 279 2634 byter
292 2573 360 2635 prae
382 2552 496 2614 timore
521 2574 540 2614 a
562 2573 673 2614 somno
700 2561 907 2636 experrectus
931 2550 1048 2626 exiliit,
1063 2551 1236 2634 statimque

184 2651 224 2714 ad
233 2651 408 2729 ecclesiam,
418 2653 570 2736 quoniam
579 2651 613 2716 in
625 2674 740 2716 aurora
750 2652 832 2716 illud
843 2651 1010 2728 acciderat,
1020 2651 1234 2729 accelerando,

182 2753 310 2816 missam
323 2754 362 2816 de
384 2754 502 2818 Sancto
530 2754 654 2839 Spiritu
676 2776 735 2838 pro
748 2753 840 2836 Rege
854 2753 1044 2831 celebravit;
1069 2763 1102 2816 et
1128 2753 1173 2817 sic
1196 2755 1238 2818 ad

184 2856 336 2938 capellam
363 2857 525 2933 accedens,
548 2867 622 2942 post
647 2855 784 2931 missam,
807 2854 995 2939 priusquam
1017 2853 1096 2919 Rex
1120 2855 1238 2935 exiret,

184 2956 337 3020 visionem
352 2957 382 3020 ei
395 2967 517 3020 secreto
531 2956 692 3021 revelavit.
737 2955 813 3022 Qua
827 2955 946 3033 audita,
959 2966 1008 3019 ter
1019 2978 1127 3019 versus
1136 2955 1236 3021 altare

183 3057 319 3140 genibus
346 3057 450 3136 dexia,
481 3059 572 3143 quasi
593 3081 651 3142 per
678 3057 845 3122 intervalla
871 3057 969 3120 trium
991 3058 1236 3125 Dominicarum

184 3159 374 3236 orationum,
391 3159 506 3223 dextra
519 3183 617 3223 manu
631 3159 771 3222 frontem
785 3158 965 3242 faciemque
980 3159 1177 3244 consignans
1194 3162 1235 3226 ad

183 3284 321 3326 cameras
336 3263 410 3327 inde
431 3262 625 3352 consiliaque
651 3261 807 3326 transivit.
853 3260 917 3324 Die
933 3284 1007 3325 vero
1029 3263 1233 3346 procedente,

182 3362 261 3426 hora
275 3364 367 3448 quasi
381 3364 466 3427 inter
480 3365 615 3448 primam
632 3375 665 3426 et
680 3363 819 3439 tertiam,
835 3372 964 3426 vocatus
987 3375 1036 3426 est
1054 3365 1095 3426 ad
1110 3363 1235 3448 Regem

183 3467 359 3548 presbyter,
377 3466 434 3548 qui
457 3465 491 3528 in
506 3465 628 3549 capella
652 3465 738 3526 inter
759 3464 889 3526 clericos
911 3464 1020 3540 curiae‚
1044 3485 1182 3547 quorum
1202 3476 1238 3528 et

182 3566 251 3650 ipse
264 3589 348 3629 unus
362 3567 525 3641 extiterat,
535 3565 712 3640 residebat;
728 3565 769 3626 ad
784 3587 879 3647 quem
894 3586 967 3626 cum
980 3564 1014 3625 in
1028 3564 1235 3627 diversorium

184 3667 354 3749 quoddam,
370 3676 461 3750 parte
485 3666 598 3728 domus
623 3664 785 3748 penitiori,
801 3664 958 3727 adductus
977 3663 1101 3740 fuisset,
1118 3664 1236 3727 ostium

182 3767 315 3837 intranti
330 3767 417 3843 Rex,
429 3767 464 3830 in
476 3766 593 3849 angulo
604 3765 743 3851 quodam
752 3763 839 3827 solus
847 3764 999 3841 residens,
1014 3763 1126 3848 capitis
1136 3764 1172 3826 in
1186 3765 1237 3849 ip·
1301 3767 1303 3771 ’

183 3892 254 3932 sum
266 3869 482 3946 concussione,
492 3889 609 3930 nomen
618 3867 761 3952 ejusdem
769 3866 980 3950 ingeminans,
991 3866 1117 3950 inquit:
1129 3871 1149 3900 “
1157 3865 1236 3928 Gal-

183 3983 261 4047 tere,
277 3970 420 4046 Galtere,
444 3968 569 4052 gladius
584 3978 660 4031 tuus
675 3967 846 4032 crudeliter
867 3990 972 4031 secare
993 3969 1060 4052 jam
1083 3967 1233 4050 suscepit,

183 4073 259 4155 quia
273 4069 630 4154 Castellum-Radulphi
637 4069 706 4154 jam
715 4091 801 4131 nuuc
814 4068 1004 4131 amisimus'‘
1033 4067 1234 4132 Nunciatum

183 4175 302 4238 etenim
318 4173 348 4236 ei
370 4173 409 4236 de
428 4170 646 4234 transmarinis
671 4170 781 4233 eadem
807 4169 886 4234 hora
905 4169 1022 4249 fuerat,
1038 4169 1234 4234 Francorum

183 4275 308 4359 Regem
342 4273 506 4338 castellum
541 4272 633 4349 illud,
663 4294 735 4336 cum
765 4272 930 4356 adjacente
958 4272 1123 4356 provincia
1152 4282 1232 4350 tota,
