<?xml version="1.0" encoding="UTF-8"?>
<!DOCTYPE html PUBLIC "-//W3C//DTD XHTML 1.0 Transitional//EN"
    "http://www.w3.org/TR/xhtml1/DTD/xhtml1-transitional.dtd">
<html xmlns="http://www.w3.org/1999/xhtml" xml:lang="en" lang="en">
 <head>
  <title>
</title>
<meta http-equiv="Content-Type" content="text/html;charset=utf-8" />
  <meta name='ocr-system' content='tesseract 3.04.00' />
  <meta name='ocr-capabilities' content='ocr_page ocr_carea ocr_par ocr_line ocrx_word'/>
</head>
<body>
  <div class='ocr_page' id='page_1' title='image "./giralduscambren00giragoog_0236.png"; bbox 0 0 3000 5040; ppageno 0'>
   <div class='ocr_carea' id='block_1_1' title="bbox 183 469 1230 566">
    <p class='ocr_par' dir='ltr' id='par_1_1' title="bbox 183 469 1230 566">
     <span class='ocr_line' id='line_1_1' title="bbox 183 469 1230 566; baseline -0.008 -28"><span class='ocrx_word' id='word_1_1' title='bbox 183 469 297 566; x_wconf 53' lang='lat' dir='ltr'>Aret]</span> <span class='ocrx_word' id='word_1_2' title='bbox 419 490 467 540; x_wconf 85' lang='lat' dir='ltr'>nn</span> <span class='ocrx_word' id='word_1_3' title='bbox 493 487 760 540; x_wconf 85' lang='lat' dir='ltr'>rusrnucrroun</span> <span class='ocrx_word' id='word_1_4' title='bbox 786 486 998 543; x_wconf 82' lang='lat' dir='ltr'>rarucrruu.</span> <span class='ocrx_word' id='word_1_5' title='bbox 1170 470 1230 532; x_wconf 81' lang='lat'>195</span> 
     </span>
    </p>
   </div>
   <div class='ocr_carea' id='block_1_2' title="bbox 174 634 1276 3769">
    <p class='ocr_par' dir='ltr' id='par_1_2' title="bbox 174 634 1276 3550">
     <span class='ocr_line' id='line_1_2' title="bbox 182 634 1233 720; baseline -0.008 -17"><span class='ocrx_word' id='word_1_6' title='bbox 182 641 236 703; x_wconf 91' lang='lat' dir='ltr'>cui</span> <span class='ocrx_word' id='word_1_7' title='bbox 250 664 368 705; x_wconf 90' lang='lat' dir='ltr'>nomen</span> <span class='ocrx_word' id='word_1_8' title='bbox 383 641 562 719; x_wconf 88' lang='lat' dir='ltr'>Nunenta,¹</span> <span class='ocrx_word' id='word_1_9' title='bbox 579 640 705 703; x_wconf 90' lang='lat' dir='ltr'>duobus</span> <span class='ocrx_word' id='word_1_10' title='bbox 723 639 792 702; x_wconf 88' lang='lat' dir='ltr'>fere</span> <span class='ocrx_word' id='word_1_11' title='bbox 806 638 969 703; x_wconf 90' lang='lat' dir='ltr'>mensibus</span> <span class='ocrx_word' id='word_1_12' title='bbox 992 634 1233 720; x_wconf 81' lang='lat' dir='ltr'>expeditionem</span> 
     </span>
     <span class='ocr_line' id='line_1_3' title="bbox 181 737 1232 827; baseline -0.006 -23"><span class='ocrx_word' id='word_1_13' title='bbox 181 744 404 827; x_wconf 83' lang='lat' dir='ltr'><strong>protraxisset,</strong></span> <span class='ocrx_word' id='word_1_14' title='bbox 433 765 577 806; x_wconf 91' lang='lat' dir='ltr'>reversus</span> <span class='ocrx_word' id='word_1_15' title='bbox 606 741 792 806; x_wconf 83' lang='lat' dir='ltr'>Aurelianis</span> <span class='ocrx_word' id='word_1_16' title='bbox 827 739 916 825; x_wconf 90' lang='lat' dir='ltr'>gravi</span> <span class='ocrx_word' id='word_1_17' title='bbox 951 739 1063 803; x_wconf 91' lang='lat' dir='ltr'>morbo</span> <span class='ocrx_word' id='word_1_18' title='bbox 1098 748 1132 800; x_wconf 88' lang='lat' dir='ltr'>et</span> <span class='ocrx_word' id='word_1_19' title='bbox 1164 737 1232 799; x_wconf 87' lang='lat' dir='ltr'>fere</span> 
     </span>
     <span class='ocr_line' id='line_1_4' title="bbox 183 838 1233 930; baseline -0.006 -23"><span class='ocrx_word' id='word_1_20' title='bbox 183 845 350 930; x_wconf 86' lang='lat' dir='ltr'>desperato</span> <span class='ocrx_word' id='word_1_21' title='bbox 382 845 547 910; x_wconf 86' lang='lat' dir='ltr'>decubuit.</span> <span class='ocrx_word' id='word_1_22' title='bbox 607 844 709 928; x_wconf 87' lang='lat' dir='ltr'>Cujus</span> <span class='ocrx_word' id='word_1_23' title='bbox 745 866 818 906; x_wconf 91' lang='lat' dir='ltr'>cum</span> <span class='ocrx_word' id='word_1_24' title='bbox 854 842 981 919; x_wconf 92' lang='lat' dir='ltr'>medici,</span> <span class='ocrx_word' id='word_1_25' title='bbox 1011 852 1078 905; x_wconf 87' lang='lat' dir='ltr'>tam</span> <span class='ocrx_word' id='word_1_26' title='bbox 1111 838 1233 923; x_wconf 91' lang='lat' dir='ltr'>proprii</span> 
     </span>
     <span class='ocr_line' id='line_1_5' title="bbox 182 941 1234 1032; baseline -0.008 -22"><span class='ocrx_word' id='word_1_27' title='bbox 182 970 279 1030; x_wconf 91' lang='lat' dir='ltr'>quam</span> <span class='ocrx_word' id='word_1_28' title='bbox 307 949 452 1032; x_wconf 90' lang='lat' dir='ltr'>undique</span> <span class='ocrx_word' id='word_1_29' title='bbox 481 947 689 1023; x_wconf 87' lang='lat' dir='ltr'>confluentes,</span> <span class='ocrx_word' id='word_1_30' title='bbox 720 968 829 1009; x_wconf 84' lang='lat' dir='ltr'><strong>causas</strong></span> <span class='ocrx_word' id='word_1_31' title='bbox 853 943 1054 1028; x_wconf 87' lang='lat' dir='ltr'>aegritudinis</span> <span class='ocrx_word' id='word_1_32' title='bbox 1084 941 1234 1004; x_wconf 91' lang='lat' dir='ltr'>subtilius</span> 
     </span>
     <span class='ocr_line' id='line_1_6' title="bbox 181 1043 1234 1133; baseline -0.007 -21"><span class='ocrx_word' id='word_1_33' title='bbox 181 1049 432 1133; x_wconf 90' lang='lat' dir='ltr'>inquisivissent,</span> <span class='ocrx_word' id='word_1_34' title='bbox 449 1049 579 1112; x_wconf 88' lang='lat' dir='ltr'>tandem</span> <span class='ocrx_word' id='word_1_35' title='bbox 604 1049 638 1111; x_wconf 92' lang='lat' dir='ltr'>in</span> <span class='ocrx_word' id='word_1_36' title='bbox 663 1048 724 1110; x_wconf 93' lang='lat' dir='ltr'>hoc</span> <span class='ocrx_word' id='word_1_37' title='bbox 750 1068 861 1110; x_wconf 91' lang='lat' dir='ltr'>omnes</span> <span class='ocrx_word' id='word_1_38' title='bbox 888 1055 1116 1120; x_wconf 88' lang='lat' dir='ltr'>convenerunt,</span> <span class='ocrx_word' id='word_1_39' title='bbox 1146 1043 1234 1127; x_wconf 91' lang='lat' dir='ltr'>quod</span> 
     </span>
     <span class='ocr_line' id='line_1_7' title="bbox 182 1145 1234 1234; baseline -0.008 -20"><span class='ocrx_word' id='word_1_40' title='bbox 182 1173 225 1213; x_wconf 88' lang='lat' dir='ltr'>ex</span> <span class='ocrx_word' id='word_1_41' title='bbox 234 1151 330 1234; x_wconf 89' lang='lat' dir='ltr'>longa</span> <span class='ocrx_word' id='word_1_42' title='bbox 338 1150 538 1214; x_wconf 88' lang='lat' dir='ltr'>continentia</span> <span class='ocrx_word' id='word_1_43' title='bbox 552 1159 585 1212; x_wconf 88' lang='lat' dir='ltr'>et</span> <span class='ocrx_word' id='word_1_44' title='bbox 599 1149 728 1212; x_wconf 86' lang='lat' dir='ltr'>defectu</span> <span class='ocrx_word' id='word_1_45' title='bbox 743 1149 847 1211; x_wconf 88' lang='lat' dir='ltr'>coitus</span> <span class='ocrx_word' id='word_1_46' title='bbox 860 1146 1098 1210; x_wconf 91' lang='lat' dir='ltr'>incommodum</span> <span class='ocrx_word' id='word_1_47' title='bbox 1108 1145 1138 1208; x_wconf 88' lang='lat' dir='ltr'>ei</span> <span class='ocrx_word' id='word_1_48' title='bbox 1153 1145 1234 1208; x_wconf 92' lang='lat' dir='ltr'>illud</span> 
     </span>
     <span class='ocr_line' id='line_1_8' title="bbox 181 1247 1233 1333; baseline -0.007 -18"><span class='ocrx_word' id='word_1_49' title='bbox 181 1253 360 1330; x_wconf 90' lang='lat' dir='ltr'>acciderat;</span> <span class='ocrx_word' id='word_1_50' title='bbox 398 1262 467 1315; x_wconf 89' lang='lat' dir='ltr'>erat</span> <span class='ocrx_word' id='word_1_51' title='bbox 496 1251 582 1314; x_wconf 91' lang='lat' dir='ltr'>enim</span> <span class='ocrx_word' id='word_1_52' title='bbox 609 1251 671 1314; x_wconf 93' lang='lat' dir='ltr'>hoc</span> <span class='ocrx_word' id='word_1_53' title='bbox 698 1251 781 1314; x_wconf 89' lang='lat' dir='ltr'>circa</span> <span class='ocrx_word' id='word_1_54' title='bbox 808 1249 911 1333; x_wconf 89' lang='lat' dir='ltr'>prima</span> <span class='ocrx_word' id='word_1_55' title='bbox 940 1260 1086 1330; x_wconf 86' lang='lat' dir='ltr'>tempora</span> <span class='ocrx_word' id='word_1_56' title='bbox 1115 1247 1233 1330; x_wconf 89' lang='lat' dir='ltr'>quibus</span> 
     </span>
     <span class='ocr_line' id='line_1_9' title="bbox 181 1349 1234 1437; baseline -0.007 -20"><span class='ocrx_word' id='word_1_57' title='bbox 181 1354 342 1437; x_wconf 86' lang='lat' dir='ltr'>Reginam</span> <span class='ocrx_word' id='word_1_58' title='bbox 370 1354 491 1418; x_wconf 88' lang='lat' dir='ltr'>scilicet</span> <span class='ocrx_word' id='word_1_59' title='bbox 507 1353 604 1418; x_wconf 87' lang='lat' dir='ltr'>Alam</span> <span class='ocrx_word' id='word_1_60' title='bbox 630 1353 759 1416; x_wconf 87' lang='lat' dir='ltr'>nomine</span> <span class='ocrx_word' id='word_1_61' title='bbox 783 1352 932 1427; x_wconf 86' lang='lat' dir='ltr'>duxerat,</span> <span class='ocrx_word' id='word_1_62' title='bbox 961 1349 1001 1412; x_wconf 91' lang='lat' dir='ltr'>de</span> <span class='ocrx_word' id='word_1_63' title='bbox 1031 1371 1095 1431; x_wconf 89' lang='lat' dir='ltr'>qua</span> <span class='ocrx_word' id='word_1_64' title='bbox 1123 1359 1234 1432; x_wconf 89' lang='lat' dir='ltr'>postea</span> 
     </span>
     <span class='ocr_line' id='line_1_10' title="bbox 182 1449 1233 1540; baseline -0.005 -22"><span class='ocrx_word' id='word_1_65' title='bbox 182 1454 372 1540; x_wconf 90' lang='lat' dir='ltr'>Philippum</span> <span class='ocrx_word' id='word_1_66' title='bbox 404 1455 530 1538; x_wconf 86' lang='lat' dir='ltr'>Regem</span> <span class='ocrx_word' id='word_1_67' title='bbox 565 1464 760 1538; x_wconf 82' lang='lat' dir='ltr'>susceperat,</span> <span class='ocrx_word' id='word_1_68' title='bbox 798 1476 895 1537; x_wconf 92' lang='lat' dir='ltr'>quam</span> <span class='ocrx_word' id='word_1_69' title='bbox 930 1472 996 1514; x_wconf 92' lang='lat' dir='ltr'>non</span> <span class='ocrx_word' id='word_1_70' title='bbox 1032 1449 1233 1514; x_wconf 82' lang='lat' dir='ltr'>mediocriter</span> 
     </span>
     <span class='ocr_line' id='line_1_11' title="bbox 181 1551 1235 1641; baseline -0.003 -23"><span class='ocrx_word' id='word_1_71' title='bbox 181 1557 346 1640; x_wconf 89' lang='lat' dir='ltr'>diligebat.</span> <span class='ocrx_word' id='word_1_72' title='bbox 392 1556 466 1620; x_wconf 92' lang='lat' dir='ltr'>Hoc</span> <span class='ocrx_word' id='word_1_73' title='bbox 489 1557 591 1640; x_wconf 85' lang='lat' dir='ltr'>igitur</span> <span class='ocrx_word' id='word_1_74' title='bbox 618 1557 648 1620; x_wconf 88' lang='lat' dir='ltr'>ei</span> <span class='ocrx_word' id='word_1_75' title='bbox 672 1555 823 1641; x_wconf 85' lang='lat' dir='ltr'>exposito</span> <span class='ocrx_word' id='word_1_76' title='bbox 846 1576 953 1618; x_wconf 88' lang='lat' dir='ltr'>coram</span> <span class='ocrx_word' id='word_1_77' title='bbox 977 1551 1067 1616; x_wconf 89' lang='lat' dir='ltr'>urbis</span> <span class='ocrx_word' id='word_1_78' title='bbox 1090 1552 1235 1636; x_wconf 90' lang='lat' dir='ltr'>ejusdem</span> 
     </span>
     <span class='ocr_line' id='line_1_12' title="bbox 182 1654 1234 1743; baseline -0.002 -24"><span class='ocrx_word' id='word_1_79' title='bbox 182 1657 343 1742; x_wconf 89' lang='lat' dir='ltr'>episeopo,</span> <span class='ocrx_word' id='word_1_80' title='bbox 359 1657 530 1721; x_wconf 88' lang='lat' dir='ltr'>abbatibus</span> <span class='ocrx_word' id='word_1_81' title='bbox 545 1681 675 1743; x_wconf 93' lang='lat' dir='ltr'>quoque</span> <span class='ocrx_word' id='word_1_82' title='bbox 700 1669 734 1722; x_wconf 88' lang='lat' dir='ltr'>et</span> <span class='ocrx_word' id='word_1_83' title='bbox 756 1657 929 1742; x_wconf 87' lang='lat' dir='ltr'>prioribus,</span> <span class='ocrx_word' id='word_1_84' title='bbox 942 1654 1087 1740; x_wconf 90' lang='lat' dir='ltr'>personis</span> <span class='ocrx_word' id='word_1_85' title='bbox 1104 1676 1234 1737; x_wconf 92' lang='lat' dir='ltr'>quoque</span> 
     </span>
     <span class='ocr_line' id='line_1_13' title="bbox 181 1756 1234 1844; baseline 0 -24"><span class='ocrx_word' id='word_1_86' title='bbox 181 1758 328 1841; x_wconf 87' lang='lat' dir='ltr'>plurimis</span> <span class='ocrx_word' id='word_1_87' title='bbox 352 1781 389 1822; x_wconf 92' lang='lat' dir='ltr'>ac</span> <span class='ocrx_word' id='word_1_88' title='bbox 403 1759 479 1823; x_wconf 91' lang='lat' dir='ltr'>viris</span> <span class='ocrx_word' id='word_1_89' title='bbox 501 1759 689 1843; x_wconf 86' lang='lat' dir='ltr'>religionem</span> <span class='ocrx_word' id='word_1_90' title='bbox 703 1760 819 1823; x_wconf 88' lang='lat' dir='ltr'>habitu</span> <span class='ocrx_word' id='word_1_91' title='bbox 843 1757 1094 1844; x_wconf 86' lang='lat' dir='ltr'>praeferentibus</span> <span class='ocrx_word' id='word_1_92' title='bbox 1108 1757 1149 1819; x_wconf 87' lang='lat' dir='ltr'>ad</span> <span class='ocrx_word' id='word_1_93' title='bbox 1173 1756 1234 1820; x_wconf 94' lang='lat' dir='ltr'>hoc</span> 
     </span>
     <span class='ocr_line' id='line_1_14' title="bbox 181 1859 1234 1947; baseline -0.004 -25"><span class='ocrx_word' id='word_1_94' title='bbox 181 1860 339 1938; x_wconf 75' lang='lat' dir='ltr'>adductiS,</span> <span class='ocrx_word' id='word_1_95' title='bbox 368 1859 582 1924; x_wconf 86' lang='lat' dir='ltr'>incontinenti</span> <span class='ocrx_word' id='word_1_96' title='bbox 616 1861 693 1925; x_wconf 88' lang='lat' dir='ltr'>Rex</span> <span class='ocrx_word' id='word_1_97' title='bbox 722 1861 907 1947; x_wconf 86' lang='lat' dir='ltr'>respondit:</span> <span class='ocrx_word' id='word_1_98' title='bbox 947 1859 1134 1923; x_wconf 79' lang='lat' dir='ltr'>“Mittatcv</span> <span class='ocrx_word' id='word_1_99' title='bbox 1162 1880 1234 1942; x_wconf 73' lang='lat' dir='ltr'>erpo</span> 
     </span>
     <span class='ocr_line' id='line_1_15' title="bbox 174 1960 1235 2046; baseline 0 -22"><span class='ocrx_word' id='word_1_100' title='bbox 174 1971 309 2045; x_wconf 79' lang='lat' dir='ltr'>propter</span> <span class='ocrx_word' id='word_1_101' title='bbox 319 1961 507 2046; x_wconf 71' lang='lat' dir='ltr'>Reginam.’&#39;</span> <span class='ocrx_word' id='word_1_102' title='bbox 553 1962 618 2026; x_wconf 88' lang='lat' dir='ltr'>Sed</span> <span class='ocrx_word' id='word_1_103' title='bbox 633 1963 710 2046; x_wconf 93' lang='lat' dir='ltr'>quia</span> <span class='ocrx_word' id='word_1_104' title='bbox 728 1963 762 2026; x_wconf 90' lang='lat' dir='ltr'>in</span> <span class='ocrx_word' id='word_1_105' title='bbox 781 1963 914 2026; x_wconf 88' lang='lat' dir='ltr'>remotis</span> <span class='ocrx_word' id='word_1_106' title='bbox 929 1971 1006 2024; x_wconf 89' lang='lat' dir='ltr'>tunc</span> <span class='ocrx_word' id='word_1_107' title='bbox 1030 1961 1114 2024; x_wconf 90' lang='lat' dir='ltr'>forte</span> <span class='ocrx_word' id='word_1_108' title='bbox 1129 1960 1235 2024; x_wconf 87' lang='lat' dir='ltr'>suerat</span> 
     </span>
     <span class='ocr_line' id='line_1_16' title="bbox 181 2063 1234 2148; baseline 0.001 -22"><span class='ocrx_word' id='word_1_109' title='bbox 181 2063 297 2126; x_wconf 86' lang='lat' dir='ltr'>abinde</span> <span class='ocrx_word' id='word_1_110' title='bbox 322 2065 479 2148; x_wconf 90' lang='lat' dir='ltr'>partibus,</span> <span class='ocrx_word' id='word_1_111' title='bbox 505 2074 539 2128; x_wconf 89' lang='lat' dir='ltr'>et</span> <span class='ocrx_word' id='word_1_112' title='bbox 562 2066 694 2129; x_wconf 89' lang='lat' dir='ltr'>morbus</span> <span class='ocrx_word' id='word_1_113' title='bbox 716 2065 868 2142; x_wconf 84' lang='lat' dir='ltr'>instabat,</span> <span class='ocrx_word' id='word_1_114' title='bbox 893 2063 1063 2128; x_wconf 91' lang='lat' dir='ltr'>consilium</span> <span class='ocrx_word' id='word_1_115' title='bbox 1090 2063 1234 2127; x_wconf 88' lang='lat' dir='ltr'>omnium</span> 
     </span>
     <span class='ocr_line' id='line_1_17' title="bbox 180 2163 1234 2250; baseline -0.001 -24"><span class='ocrx_word' id='word_1_116' title='bbox 180 2164 406 2228; x_wconf 91' lang='lat' dir='ltr'>incommune</span> <span class='ocrx_word' id='word_1_117' title='bbox 431 2165 538 2228; x_wconf 89' lang='lat' dir='ltr'>fuerat</span> <span class='ocrx_word' id='word_1_118' title='bbox 565 2166 653 2249; x_wconf 93' lang='lat' dir='ltr'>quod</span> <span class='ocrx_word' id='word_1_119' title='bbox 674 2166 783 2250; x_wconf 90' lang='lat' dir='ltr'>puella</span> <span class='ocrx_word' id='word_1_120' title='bbox 806 2167 836 2229; x_wconf 93' lang='lat' dir='ltr'>ei</span> <span class='ocrx_word' id='word_1_121' title='bbox 859 2165 968 2248; x_wconf 87' lang='lat' dir='ltr'>aliqua</span> <span class='ocrx_word' id='word_1_122' title='bbox 992 2163 1133 2240; x_wconf 90' lang='lat' dir='ltr'>interim,</span> <span class='ocrx_word' id='word_1_123' title='bbox 1159 2185 1234 2246; x_wconf 90' lang='lat' dir='ltr'>quae</span> 
     </span>
     <span class='ocr_line' id='line_1_18' title="bbox 183 2263 1235 2350; baseline -0.002 -22"><span class='ocrx_word' id='word_1_124' title='bbox 183 2265 245 2328; x_wconf 88' lang='lat' dir='ltr'>sibi</span> <span class='ocrx_word' id='word_1_125' title='bbox 273 2265 452 2328; x_wconf 88' lang='lat' dir='ltr'>remedium</span> <span class='ocrx_word' id='word_1_126' title='bbox 488 2276 698 2348; x_wconf 89' lang='lat' dir='ltr'>compararet,</span> <span class='ocrx_word' id='word_1_127' title='bbox 728 2276 761 2329; x_wconf 93' lang='lat' dir='ltr'>et</span> <span class='ocrx_word' id='word_1_128' title='bbox 798 2266 890 2350; x_wconf 88' lang='lat' dir='ltr'>quasi</span> <span class='ocrx_word' id='word_1_129' title='bbox 917 2266 1016 2328; x_wconf 90' lang='lat' dir='ltr'>vitam</span> <span class='ocrx_word' id='word_1_130' title='bbox 1051 2263 1235 2341; x_wconf 86' lang='lat' dir='ltr'>redimeret,</span> 
     </span>
     <span class='ocr_line' id='line_1_19' title="bbox 184 2364 1236 2452; baseline -0.004 -21"><span class='ocrx_word' id='word_1_131' title='bbox 184 2367 408 2431; x_wconf 85' lang='lat' dir='ltr'>adduceretur.</span> <span class='ocrx_word' id='word_1_132' title='bbox 468 2365 568 2431; x_wconf 82' lang='lat' dir='ltr'>Quod</span> <span class='ocrx_word' id='word_1_133' title='bbox 596 2388 670 2431; x_wconf 87' lang='lat' dir='ltr'>cum</span> <span class='ocrx_word' id='word_1_134' title='bbox 699 2367 729 2430; x_wconf 92' lang='lat' dir='ltr'>ei</span> <span class='ocrx_word' id='word_1_135' title='bbox 759 2376 988 2452; x_wconf 87' lang='lat' dir='ltr'>proponerent,</span> <span class='ocrx_word' id='word_1_136' title='bbox 1017 2365 1099 2429; x_wconf 89' lang='lat' dir='ltr'>hanc</span> <span class='ocrx_word' id='word_1_137' title='bbox 1135 2364 1236 2428; x_wconf 90' lang='lat' dir='ltr'>solam</span> 
     </span>
     <span class='ocr_line' id='line_1_20' title="bbox 181 2467 1234 2553; baseline -0.003 -22"><span class='ocrx_word' id='word_1_138' title='bbox 181 2469 251 2531; x_wconf 88' lang='lat' dir='ltr'>fore</span> <span class='ocrx_word' id='word_1_139' title='bbox 277 2489 387 2532; x_wconf 92' lang='lat' dir='ltr'>curam</span> <span class='ocrx_word' id='word_1_140' title='bbox 414 2467 461 2530; x_wconf 90' lang='lat' dir='ltr'>eis</span> <span class='ocrx_word' id='word_1_141' title='bbox 483 2476 671 2545; x_wconf 88' lang='lat' dir='ltr'>asserentes,</span> <span class='ocrx_word' id='word_1_142' title='bbox 701 2468 870 2553; x_wconf 90' lang='lat' dir='ltr'>episcopus</span> <span class='ocrx_word' id='word_1_143' title='bbox 900 2468 997 2531; x_wconf 91' lang='lat' dir='ltr'>etiam</span> <span class='ocrx_word' id='word_1_144' title='bbox 1027 2477 1061 2531; x_wconf 88' lang='lat' dir='ltr'>et</span> <span class='ocrx_word' id='word_1_145' title='bbox 1087 2488 1234 2551; x_wconf 88' lang='lat' dir='ltr'>personae</span> 
     </span>
     <span class='ocr_line' id='line_1_21' title="bbox 184 2568 1236 2655; baseline -0.001 -22"><span class='ocrx_word' id='word_1_146' title='bbox 184 2571 243 2654; x_wconf 92' lang='lat' dir='ltr'>qui</span> <span class='ocrx_word' id='word_1_147' title='bbox 265 2571 398 2634; x_wconf 85' lang='lat' dir='ltr'>aderant</span> <span class='ocrx_word' id='word_1_148' title='bbox 422 2591 531 2632; x_wconf 91' lang='lat' dir='ltr'>omnes</span> <span class='ocrx_word' id='word_1_149' title='bbox 554 2569 677 2652; x_wconf 87' lang='lat' dir='ltr'>peccati</span> <span class='ocrx_word' id='word_1_150' title='bbox 700 2569 930 2655; x_wconf 88' lang='lat' dir='ltr'>impunitatem</span> <span class='ocrx_word' id='word_1_151' title='bbox 955 2568 986 2631; x_wconf 91' lang='lat' dir='ltr'>ei</span> <span class='ocrx_word' id='word_1_152' title='bbox 1008 2568 1236 2653; x_wconf 87' lang='lat' dir='ltr'>promitterent</span> 
     </span>
     <span class='ocr_line' id='line_1_22' title="bbox 183 2671 1236 2756; baseline -0.001 -21"><span class='ocrx_word' id='word_1_153' title='bbox 183 2684 217 2736; x_wconf 92' lang='lat' dir='ltr'>et</span> <span class='ocrx_word' id='word_1_154' title='bbox 239 2694 315 2756; x_wconf 90' lang='lat' dir='ltr'>erga</span> <span class='ocrx_word' id='word_1_155' title='bbox 337 2671 449 2735; x_wconf 90' lang='lat' dir='ltr'>Deum</span> <span class='ocrx_word' id='word_1_156' title='bbox 471 2693 567 2755; x_wconf 89' lang='lat' dir='ltr'>super</span> <span class='ocrx_word' id='word_1_157' title='bbox 588 2671 650 2735; x_wconf 91' lang='lat' dir='ltr'>hoc</span> <span class='ocrx_word' id='word_1_158' title='bbox 672 2695 705 2736; x_wconf 94' lang='lat' dir='ltr'>se</span> <span class='ocrx_word' id='word_1_159' title='bbox 734 2695 901 2756; x_wconf 89' lang='lat' dir='ltr'>sponsores</span> <span class='ocrx_word' id='word_1_160' title='bbox 924 2672 1047 2748; x_wconf 88' lang='lat' dir='ltr'>darent,</span> <span class='ocrx_word' id='word_1_161' title='bbox 1069 2671 1236 2755; x_wconf 88' lang='lat' dir='ltr'>respondit</span> 
     </span>
     <span class='ocr_line' id='line_1_23' title="bbox 182 2771 1235 2858; baseline -0.003 -21"><span class='ocrx_word' id='word_1_162' title='bbox 182 2775 230 2838; x_wconf 92' lang='lat' dir='ltr'>vir</span> <span class='ocrx_word' id='word_1_163' title='bbox 265 2775 389 2837; x_wconf 88' lang='lat' dir='ltr'>bonus:</span> <span class='ocrx_word' id='word_1_164' title='bbox 428 2771 499 2835; x_wconf 88' lang='lat' dir='ltr'>“Si</span> <span class='ocrx_word' id='word_1_165' title='bbox 536 2795 602 2835; x_wconf 92' lang='lat' dir='ltr'>non</span> <span class='ocrx_word' id='word_1_166' title='bbox 634 2786 684 2836; x_wconf 91' lang='lat' dir='ltr'>est</span> <span class='ocrx_word' id='word_1_167' title='bbox 719 2774 781 2836; x_wconf 91' lang='lat' dir='ltr'>alia</span> <span class='ocrx_word' id='word_1_168' title='bbox 813 2795 910 2858; x_wconf 90' lang='lat' dir='ltr'>quam</span> <span class='ocrx_word' id='word_1_169' title='bbox 942 2772 1013 2836; x_wconf 72' lang='lat' dir='ltr'>haee</span> <span class='ocrx_word' id='word_1_170' title='bbox 1042 2771 1235 2835; x_wconf 86' lang='lat' dir='ltr'>valetudinis</span> 
     </span>
     <span class='ocr_line' id='line_1_24' title="bbox 180 2871 1233 2959; baseline -0.002 -21"><span class='ocrx_word' id='word_1_171' title='bbox 180 2875 280 2959; x_wconf 88' lang='lat' dir='ltr'>hujus</span> <span class='ocrx_word' id='word_1_172' title='bbox 308 2897 395 2953; x_wconf 90' lang='lat' dir='ltr'>cura,</span> <span class='ocrx_word' id='word_1_173' title='bbox 424 2874 522 2938; x_wconf 89' lang='lat' dir='ltr'>faciat</span> <span class='ocrx_word' id='word_1_174' title='bbox 558 2875 598 2938; x_wconf 89' lang='lat' dir='ltr'>de</span> <span class='ocrx_word' id='word_1_175' title='bbox 631 2898 682 2940; x_wconf 92' lang='lat' dir='ltr'>me</span> <span class='ocrx_word' id='word_1_176' title='bbox 706 2875 868 2938; x_wconf 88' lang='lat' dir='ltr'>Dominus</span> <span class='ocrx_word' id='word_1_177' title='bbox 896 2871 1096 2938; x_wconf 85' lang='lat' dir='ltr'>voluntatem</span> <span class='ocrx_word' id='word_1_178' title='bbox 1130 2896 1233 2950; x_wconf 90' lang='lat' dir='ltr'>suam,</span> 
     </span>
     <span class='ocr_line' id='line_1_25' title="bbox 182 2975 1237 3060; baseline 0.002 -22"><span class='ocrx_word' id='word_1_179' title='bbox 182 2977 260 3060; x_wconf 87' lang='lat' dir='ltr'>quia</span> <span class='ocrx_word' id='word_1_180' title='bbox 273 2975 356 3038; x_wconf 90' lang='lat' dir='ltr'>malo</span> <span class='ocrx_word' id='word_1_181' title='bbox 371 2976 452 3039; x_wconf 92' lang='lat' dir='ltr'>mori</span> <span class='ocrx_word' id='word_1_182' title='bbox 471 2986 577 3039; x_wconf 91' lang='lat' dir='ltr'>castus</span> <span class='ocrx_word' id='word_1_183' title='bbox 601 2999 698 3060; x_wconf 91' lang='lat' dir='ltr'>quam</span> <span class='ocrx_word' id='word_1_184' title='bbox 712 2977 818 3040; x_wconf 89' lang='lat' dir='ltr'>vivere</span> <span class='ocrx_word' id='word_1_185' title='bbox 841 2976 997 3041; x_wconf 88' lang='lat' dir='ltr'>adulter.”</span> <span class='ocrx_word' id='word_1_186' title='bbox 1030 2977 1088 3040; x_wconf 73' lang='lat' dir='ltr'>-Et</span> <span class='ocrx_word' id='word_1_187' title='bbox 1102 2977 1146 3040; x_wconf 92' lang='lat' dir='ltr'>sic</span> <span class='ocrx_word' id='word_1_188' title='bbox 1161 2978 1237 3040; x_wconf 88' lang='lat' dir='ltr'>Deo</span> 
     </span>
     <span class='ocr_line' id='line_1_26' title="bbox 182 3077 1236 3162; baseline -0.001 -21"><span class='ocrx_word' id='word_1_189' title='bbox 182 3089 287 3141; x_wconf 93' lang='lat' dir='ltr'>totum</span> <span class='ocrx_word' id='word_1_190' title='bbox 308 3077 521 3154; x_wconf 89' lang='lat' dir='ltr'>committens,</span> <span class='ocrx_word' id='word_1_191' title='bbox 537 3077 680 3162; x_wconf 87' lang='lat' dir='ltr'>ejusdem</span> <span class='ocrx_word' id='word_1_192' title='bbox 697 3077 911 3155; x_wconf 86' lang='lat' dir='ltr'>miseratione,</span> <span class='ocrx_word' id='word_1_193' title='bbox 928 3078 985 3161; x_wconf 93' lang='lat' dir='ltr'>qui</span> <span class='ocrx_word' id='word_1_194' title='bbox 1008 3100 1073 3140; x_wconf 92' lang='lat' dir='ltr'>non</span> <span class='ocrx_word' id='word_1_195' title='bbox 1097 3078 1236 3142; x_wconf 89' lang='lat' dir='ltr'>derelin-</span> 
     </span>
     <span class='ocr_line' id='line_1_27' title="bbox 181 3180 1235 3264; baseline 0.002 -21"><span class='ocrx_word' id='word_1_196' title='bbox 181 3180 254 3263; x_wconf 92' lang='lat' dir='ltr'>quit</span> <span class='ocrx_word' id='word_1_197' title='bbox 267 3189 432 3264; x_wconf 90' lang='lat' dir='ltr'>sperantes</span> <span class='ocrx_word' id='word_1_198' title='bbox 445 3180 479 3243; x_wconf 90' lang='lat' dir='ltr'>in</span> <span class='ocrx_word' id='word_1_199' title='bbox 494 3203 539 3259; x_wconf 88' lang='lat' dir='ltr'>se,</span> <span class='ocrx_word' id='word_1_200' title='bbox 555 3180 645 3244; x_wconf 89' lang='lat' dir='ltr'>brevi</span> <span class='ocrx_word' id='word_1_201' title='bbox 672 3180 904 3258; x_wconf 76' lang='lat' dir='ltr'>convalescam,</span> <span class='ocrx_word' id='word_1_202' title='bbox 919 3180 1061 3244; x_wconf 90' lang='lat' dir='ltr'>remedio</span> <span class='ocrx_word' id='word_1_203' title='bbox 1081 3180 1235 3245; x_wconf 92' lang='lat' dir='ltr'>divinitus</span> 
     </span>
     <span class='ocr_line' id='line_1_28' title="bbox 180 3282 1233 3368; baseline 0 -24"><span class='ocrx_word' id='word_1_204' title='bbox 180 3283 255 3346; x_wconf 91' lang='lat' dir='ltr'>dato</span> <span class='ocrx_word' id='word_1_205' title='bbox 291 3282 396 3346; x_wconf 90' lang='lat' dir='ltr'>morbi</span> <span class='ocrx_word' id='word_1_206' title='bbox 431 3282 588 3346; x_wconf 91' lang='lat' dir='ltr'>malitiam</span> <span class='ocrx_word' id='word_1_207' title='bbox 633 3283 848 3368; x_wconf 85' lang='lat' dir='ltr'>exsuperavit.</span> <span class='ocrx_word' id='word_1_208' title='bbox 909 3282 939 3346; x_wconf 97' lang='grc' dir='ltr'>Ο</span> <span class='ocrx_word' id='word_1_209' title='bbox 976 3305 1072 3366; x_wconf 89' lang='lat' dir='ltr'>quam</span> <span class='ocrx_word' id='word_1_210' title='bbox 1109 3305 1233 3359; x_wconf 90' lang='lat' dir='ltr'>sanum,</span> 
     </span>
     <span class='ocr_line' id='line_1_29' title="bbox 180 3383 1276 3468; baseline -0.002 -20"><span class='ocrx_word' id='word_1_211' title='bbox 180 3408 278 3468; x_wconf 91' lang='lat' dir='ltr'>quam</span> <span class='ocrx_word' id='word_1_212' title='bbox 303 3385 515 3462; x_wconf 89' lang='lat' dir='ltr'>salutiferum,</span> <span class='ocrx_word' id='word_1_213' title='bbox 546 3396 791 3468; x_wconf 87' lang='lat' dir='ltr'>memoratuque</span> <span class='ocrx_word' id='word_1_214' title='bbox 821 3384 1052 3467; x_wconf 84' lang='lat' dir='ltr'>dignissimum,</span> <span class='ocrx_word' id='word_1_215' title='bbox 1080 3383 1233 3468; x_wconf 88' lang='lat' dir='ltr'>principis</span> <span class='ocrx_word' id='word_1_216' title='bbox 1275 3396 1276 3400; x_wconf 78' lang='grc'>’</span> 
     </span>
     <span class='ocr_line' id='line_1_30' title="bbox 178 3487 333 3550; baseline 0 0"><span class='ocrx_word' id='word_1_217' title='bbox 178 3487 333 3550; x_wconf 83' lang='lat' dir='ltr'>verbum!</span> 
     </span>
    </p>

    <p class='ocr_par' dir='ltr' id='par_1_3' title="bbox 180 3585 1232 3769">
     <span class='ocr_line' id='line_1_31' title="bbox 225 3585 1232 3671; baseline -0.001 -22"><span class='ocrx_word' id='word_1_218' title='bbox 225 3587 288 3650; x_wconf 87' lang='lat' dir='ltr'>Cui</span> <span class='ocrx_word' id='word_1_219' title='bbox 316 3586 515 3649; x_wconf 92' lang='lat' dir='ltr'>simillimum</span> <span class='ocrx_word' id='word_1_220' title='bbox 545 3609 675 3670; x_wconf 90' lang='lat' dir='ltr'>quoque</span> <span class='ocrx_word' id='word_1_221' title='bbox 704 3588 909 3671; x_wconf 91' lang='lat' dir='ltr'>postmodum</span> <span class='ocrx_word' id='word_1_222' title='bbox 935 3585 1063 3669; x_wconf 88' lang='lat' dir='ltr'>nepotis</span> <span class='ocrx_word' id='word_1_223' title='bbox 1088 3586 1232 3670; x_wconf 90' lang='lat' dir='ltr'>ejusdem</span> 
     </span>
     <span class='ocr_line' id='line_1_32' title="bbox 180 3687 1230 3769; baseline 0.001 -19"><span class='ocrx_word' id='word_1_224' title='bbox 180 3711 223 3751; x_wconf 86' lang='lat' dir='ltr'>ex</span> <span class='ocrx_word' id='word_1_225' title='bbox 238 3688 315 3765; x_wconf 91' lang='lat' dir='ltr'>filio,</span> <span class='ocrx_word' id='word_1_226' title='bbox 332 3699 366 3751; x_wconf 90' lang='lat' dir='ltr'>et</span> <span class='ocrx_word' id='word_1_227' title='bbox 384 3689 424 3751; x_wconf 96' lang='lat' dir='ltr'>ab</span> <span class='ocrx_word' id='word_1_228' title='bbox 439 3688 489 3751; x_wconf 90' lang='lat' dir='ltr'>avi</span> <span class='ocrx_word' id='word_1_229' title='bbox 505 3689 587 3751; x_wconf 88' lang='lat' dir='ltr'>tanti</span> <span class='ocrx_word' id='word_1_230' title='bbox 610 3699 725 3751; x_wconf 90' lang='lat' dir='ltr'>natura</span> <span class='ocrx_word' id='word_1_231' title='bbox 739 3689 893 3752; x_wconf 92' lang='lat' dir='ltr'>laudabili</span> <span class='ocrx_word' id='word_1_232' title='bbox 914 3709 980 3750; x_wconf 90' lang='lat' dir='ltr'>non</span> <span class='ocrx_word' id='word_1_233' title='bbox 997 3687 1230 3769; x_wconf 86' lang='lat' dir='ltr'>degenerantis,</span> 
     </span>
    </p>
   </div>
   <div class='ocr_carea' id='block_1_3' title="bbox 174 3821 1231 4380">
    <p class='ocr_par' dir='ltr' id='par_1_4' title="bbox 174 3821 1231 4380">
     <span class='ocr_line' id='line_1_33' title="bbox 213 3821 1231 3893; baseline 0.002 -20"><span class='ocrx_word' id='word_1_234' title='bbox 213 3823 224 3854; x_wconf 77' lang='lat'>²</span> <span class='ocrx_word' id='word_1_235' title='bbox 242 3822 342 3874; x_wconf 84' lang='lat' dir='ltr'>“Anno</span> <span class='ocrx_word' id='word_1_236' title='bbox 352 3825 429 3876; x_wconf 86' lang='grc'>1169,</span> <span class='ocrx_word' id='word_1_237' title='bbox 466 3821 524 3874; x_wconf 84' lang='lat' dir='ltr'>Rex</span> <span class='ocrx_word' id='word_1_238' title='bbox 533 3821 683 3881; x_wconf 85' lang='lat' dir='ltr'>Ludovicus</span> <span class='ocrx_word' id='word_1_239' title='bbox 728 3830 803 3893; x_wconf 85' lang='lat' dir='ltr'>prout</span> <span class='ocrx_word' id='word_1_240' title='bbox 816 3821 901 3874; x_wconf 87' lang='lat' dir='ltr'>videre</span> <span class='ocrx_word' id='word_1_241' title='bbox 921 3830 960 3873; x_wconf 89' lang='lat' dir='ltr'>est</span> <span class='ocrx_word' id='word_1_242' title='bbox 980 3828 1052 3872; x_wconf 83' lang='lat' dir='ltr'>tomo</span> <span class='ocrx_word' id='word_1_243' title='bbox 1069 3831 1156 3873; x_wconf 89' lang='lat' dir='ltr'>nostro</span> <span class='ocrx_word' id='word_1_244' title='bbox 1177 3821 1231 3876; x_wconf 81' lang='lat' dir='ltr'>xiv.</span> 
     </span>
     <span class='ocr_line' id='line_1_34' title="bbox 178 3889 1230 3962; baseline 0.001 -19"><span class='ocrx_word' id='word_1_245' title='bbox 178 3892 257 3944; x_wconf 89' lang='lat' dir='ltr'>finem</span> <span class='ocrx_word' id='word_1_246' title='bbox 281 3892 448 3962; x_wconf 88' lang='lat' dir='ltr'>impositurus</span> <span class='ocrx_word' id='word_1_247' title='bbox 478 3891 592 3944; x_wconf 87' lang='lat' dir='ltr'>dissidiis</span> <span class='ocrx_word' id='word_1_248' title='bbox 622 3909 679 3962; x_wconf 86' lang='lat' dir='ltr'>quae</span> <span class='ocrx_word' id='word_1_249' title='bbox 728 3910 754 3962; x_wconf 90' lang='lat' dir='ltr'>p.</span> <span class='ocrx_word' id='word_1_250' title='bbox 777 3897 839 3946; x_wconf 84' lang='grc'><strong>466.</strong></span> <span class='ocrx_word' id='word_1_251' title='bbox 884 3892 961 3944; x_wconf 89' lang='lat' dir='ltr'>Unde</span> <span class='ocrx_word' id='word_1_252' title='bbox 985 3889 1115 3958; x_wconf 84' lang='lat' dir='ltr'>Giraldus,</span> <span class='ocrx_word' id='word_1_253' title='bbox 1140 3910 1230 3961; x_wconf 86' lang='lat' dir='ltr'>quam-</span> 
     </span>
     <span class='ocr_line' id='line_1_35' title="bbox 178 3961 1229 4032; baseline 0.001 -19"><span class='ocrx_word' id='word_1_254' title='bbox 178 3971 333 4014; x_wconf 84' lang='lat' dir='ltr'>emerserant</span> <span class='ocrx_word' id='word_1_255' title='bbox 359 3962 425 4013; x_wconf 90' lang='lat' dir='ltr'>inter</span> <span class='ocrx_word' id='word_1_256' title='bbox 444 3961 610 4014; x_wconf 85' lang='lat' dir='ltr'>Aniciensem</span> <span class='ocrx_word' id='word_1_257' title='bbox 632 3979 678 4015; x_wconf 90' lang='lat' dir='ltr'>seu</span> <span class='ocrx_word' id='word_1_258' title='bbox 728 3980 805 4032; x_wconf 87' lang='lat' dir='ltr'>quam</span> <span class='ocrx_word' id='word_1_259' title='bbox 834 3961 970 4014; x_wconf 82' lang='lat' dir='ltr'>discrimen</span> <span class='ocrx_word' id='word_1_260' title='bbox 991 3970 1070 4031; x_wconf 84' lang='lat' dir='ltr'>ponat</span> <span class='ocrx_word' id='word_1_261' title='bbox 1097 3962 1164 4014; x_wconf 85' lang='lat' dir='ltr'>infra</span> <span class='ocrx_word' id='word_1_262' title='bbox 1190 3963 1229 4015; x_wconf 90' lang='lat' dir='ltr'>in-</span> 
     </span>
     <span class='ocr_line' id='line_1_36' title="bbox 176 4031 1229 4107; baseline 0.001 -24"><span class='ocrx_word' id='word_1_263' title='bbox 176 4031 330 4084; x_wconf 88' lang='lat' dir='ltr'>Podiensem</span> <span class='ocrx_word' id='word_1_264' title='bbox 350 4031 499 4102; x_wconf 90' lang='lat' dir='ltr'>episcopum</span> <span class='ocrx_word' id='word_1_265' title='bbox 520 4040 546 4082; x_wconf 91' lang='lat' dir='ltr'>et</span> <span class='ocrx_word' id='word_1_266' title='bbox 567 4032 678 4083; x_wconf 80' lang='lat' dir='ltr'>Arman-</span> <span class='ocrx_word' id='word_1_267' title='bbox 727 4041 766 4084; x_wconf 91' lang='lat' dir='ltr'>ter</span> <span class='ocrx_word' id='word_1_268' title='bbox 788 4033 962 4104; x_wconf 80' lang='lat' dir='ltr'>Burgundicm</span> <span class='ocrx_word' id='word_1_269' title='bbox 992 4037 1084 4107; x_wconf 76' lang='lat' dir='ltr'>regium</span> <span class='ocrx_word' id='word_1_270' title='bbox 1111 4042 1137 4083; x_wconf 90' lang='lat' dir='ltr'>et</span> <span class='ocrx_word' id='word_1_271' title='bbox 1163 4033 1229 4086; x_wconf 83' lang='lat' dir='ltr'>Bur-</span> 
     </span>
     <span class='ocr_line' id='line_1_37' title="bbox 176 4101 1228 4175; baseline 0.004 -22"><span class='ocrx_word' id='word_1_272' title='bbox 176 4119 238 4154; x_wconf 90' lang='lat' dir='ltr'>num</span> <span class='ocrx_word' id='word_1_273' title='bbox 285 4101 452 4153; x_wconf 89' lang='lat' dir='ltr'>Podemniaci</span> <span class='ocrx_word' id='word_1_274' title='bbox 491 4101 676 4168; x_wconf 87' lang='lat' dir='ltr'>vicecomitem,</span> <span class='ocrx_word' id='word_1_275' title='bbox 744 4105 844 4155; x_wconf 67' lang='lat' dir='ltr'>undum</span> <span class='ocrx_word' id='word_1_276' title='bbox 876 4105 980 4174; x_wconf 81' lang='lat' dir='ltr'>imperii,</span> <span class='ocrx_word' id='word_1_277' title='bbox 1004 4106 1151 4159; x_wconf 83' lang='lat' dir='ltr'>Alvemiarn</span> <span class='ocrx_word' id='word_1_278' title='bbox 1182 4123 1228 4175; x_wconf 88' lang='lat' dir='ltr'>pro</span> 
     </span>
     <span class='ocr_line' id='line_1_38' title="bbox 174 4170 1227 4242; baseline 0.003 -18"><span class='ocrx_word' id='word_1_279' title='bbox 174 4179 294 4241; x_wconf 78' lang='lat' dir='ltr'>suscepta</span> <span class='ocrx_word' id='word_1_280' title='bbox 310 4171 337 4222; x_wconf 90' lang='lat' dir='ltr'>iu</span> <span class='ocrx_word' id='word_1_281' title='bbox 350 4170 499 4223; x_wconf 83' lang='lat' dir='ltr'>Alvemiam</span> <span class='ocrx_word' id='word_1_282' title='bbox 512 4171 677 4241; x_wconf 86' lang='lat' dir='ltr'>expeditione</span> <span class='ocrx_word' id='word_1_283' title='bbox 752 4173 877 4242; x_wconf 87' lang='lat' dir='ltr'>urgundia</span> <span class='ocrx_word' id='word_1_284' title='bbox 917 4175 1028 4229; x_wconf 87' lang='lat' dir='ltr'>scribere</span> <span class='ocrx_word' id='word_1_285' title='bbox 1067 4176 1227 4239; x_wconf 83' lang='lat' dir='ltr'>debuisset.&#39;&#39;</span> 
     </span>
     <span class='ocr_line' id='line_1_39' title="bbox 174 4241 855 4313; baseline 0.004 -19"><span class='ocrx_word' id='word_1_286' title='bbox 174 4241 332 4307; x_wconf 87' lang='lat' dir='ltr'>Nonnetam,</span> <span class='ocrx_word' id='word_1_287' title='bbox 351 4241 517 4308; x_wconf 87' lang='lat' dir='ltr'>vicecomitis,</span> <span class='ocrx_word' id='word_1_288' title='bbox 536 4241 676 4310; x_wconf 82' lang='lat' dir='ltr'>peregrinis</span> <span class='ocrx_word' id='word_1_289' title='bbox 727 4242 855 4313; x_wconf 88' lang='lat' dir='ltr'>Bouquct.</span> 
     </span>
     <span class='ocr_line' id='line_1_40' title="bbox 175 4311 675 4380; baseline -0.004 -16"><span class='ocrx_word' id='word_1_290' title='bbox 175 4312 253 4364; x_wconf 87' lang='lat' dir='ltr'>etiam</span> <span class='ocrx_word' id='word_1_291' title='bbox 267 4311 363 4378; x_wconf 89' lang='lat' dir='ltr'>infesti,</span> <span class='ocrx_word' id='word_1_292' title='bbox 376 4320 487 4364; x_wconf 88' lang='lat' dir='ltr'>castrum</span> <span class='ocrx_word' id='word_1_293' title='bbox 510 4311 675 4380; x_wconf 84' lang='lat' dir='ltr'>expugnavit,</span> 
     </span>
    </p>
   </div>
   <div class='ocr_carea' id='block_1_4' title="bbox 1076 4406 1120 4454">
    <p class='ocr_par' dir='ltr' id='par_1_5' title="bbox 1076 4406 1120 4454">
     <span class='ocr_line' id='line_1_41' title="bbox 1076 4406 1120 4454; baseline 0 0"><span class='ocrx_word' id='word_1_294' title='bbox 1076 4406 1120 4454; x_wconf 76' lang='lat'>02</span> 
     </span>
    </p>
   </div>
   <div class='ocr_carea' id='block_1_5' title="bbox 0 0 1504 5040">
    <p class='ocr_par' dir='ltr' id='par_1_6' title="bbox 0 0 1504 5040">
     <span class='ocr_line' id='line_1_42' title="bbox 0 0 1504 5040; baseline 0 1"><span class='ocrx_word' id='word_1_295' title='bbox 0 0 1504 5040; x_wconf 95' lang='lat' dir='ltr'> </span> 
     </span>
    </p>
   </div>
  </div>
 </body>
</html>
