3000 5040
219 462 281 532 ua
528 461 711 521 maranus
737 461 964 517 caueamus

217 635 413 699 Francorum
439 630 560 704 afflatu,
585 627 693 715 statim
720 627 753 689 in
776 627 886 709 fugam
910 628 1023 711 ignave
1049 629 1273 713 celeriterque,

219 762 277 801 nec
286 734 484 821 respiciendo
495 755 554 795 nec
563 731 757 809 rebellando,
769 742 845 796 sunt
856 754 1027 812 conversae,
1041 735 1275 819 speluncasque

219 848 292 907 suas
317 839 351 903 et
379 835 562 901 cavernulas
591 857 711 912 omnes,
739 835 898 919 solitaque
926 837 1063 901 latibula
1092 848 1126 902 et
1155 839 1276 903 cubilia

219 954 344 1018 cuncta,
360 963 433 1005 cum
456 938 575 1023 praedis
597 938 774 1002 innumeris
789 950 823 1002 et
847 941 972 1024 pascuis
991 941 1105 1024 amplis
1131 965 1166 1005 ac
1189 941 1273 1017 latis,

218 1047 352 1110 floribus
373 1054 407 1108 et
430 1040 577 1105 floriferis
600 1041 685 1104 inter
709 1043 794 1126 ipsas
816 1043 894 1111 belli
919 1044 1078 1126 primitias
1100 1043 1273 1127 reliquere.

219 1154 396 1239 Impletum
409 1150 462 1214 hic
476 1147 587 1230 igitur,
604 1145 687 1208 siout
699 1147 734 1209 in
748 1146 819 1209 aliis
827 1146 938 1209 multis
950 1147 1115 1210 evidenter
1128 1154 1273 1230 apparet,

220 1259 300 1322 illud
330 1253 548 1337 evangelicum
562 1250 720 1316 Veritatis
748 1252 849 1335 ipsius
866 1253 952 1334 quod
980 1250 1050 1315 falli
1076 1274 1140 1314 non
1166 1259 1275 1333 potest

219 1361 400 1441 eulogium:
458 1354 523 1425 Qua·
548 1378 580 1417 sc
603 1354 750 1417 humiliot
778 1339 983 1433 eaoltaba'tur',
1011 1362 1041 1416 et
1067 1356 1122 1438 qai
1150 1346 1275 1417 exaltat

218 1461 457 1526 humiliabitur}

264 1565 358 1640 Item,
375 1564 466 1626 fuere
492 1561 653 1624 modernis
667 1561 729 1624 hiis
743 1562 860 1626 nostris
876 1563 989 1626 diebus
1004 1573 1038 1626 et
1052 1561 1171 1625 finibus
1185 1559 1275 1644 prin-

219 1669 305 1750 cipes
321 1666 451 1750 quidam
468 1664 535 1747 qui,
550 1663 636 1727 bello
652 1673 806 1748 tanquam
821 1664 1092 1775 indicto'xsemper
1106 1663 1140 1725 in
1150 1684 1188 1726 ea
1199 1657 1274 1744 quae

220 1769 285 1833 Dei
299 1765 375 1831 sunt
388 1789 503 1830 manus
517 1766 623 1829 avidas
650 1777 748 1850 atque
763 1790 891 1851 rapaces
914 1767 1138 1849 extendentes,
1155 1763 1276 1826 Christi

220 1869 377 1956 sponsam,
403 1891 499 1951 quam
515 1861 589 1951 Ipse
613 1868 675 1931 sibi
700 1892 759 1952 pro
788 1870 890 1932 salute
916 1870 999 1955 fuso·
1012 1867 1165 1950 sanguine
1191 1888 1277 1928 com·

220 1973 354 2057 paravit,
380 1971 469 2034 nulla
491 1991 622 2053 prorsus
647 1971 683 2032 in
708 1971 801 2034 terris
816 1972 881 2034 suis
901 1971 994 2052 fungi
1014 1966 1165 2033 libertate
1181 1967 1277 2031 susti-

221 2083 374 2139 nuerunt.
420 2072 565 2155 Ideoque
602 2073 738 2135 terribili
774 2074 898 2136 cunctis
935 2073 1085 2156 exemplo
1122 2071 1276 2135 divinitus

221 2176 360 2252 indulto,
386 2175 481 2238 modo
503 2173 637 2236 ultionis
661 2174 925 2258 exquisitissimo,
958 2175 1047 2259 prole
1067 2173 1198 2257 propria
1221 2173 1277 2236 sed

221 2300 317 2362 prave
346 2286 502 2360 suscepta,
527 2275 700 2359 statimque
727 2277 762 2340 in
790 2288 938 2361 parentes
967 2277 1117 2340 atrociter
1145 2285 1276 2352 armata,

223 2381 375 2444 continua
422 2380 489 2442 fere
540 2377 703 2461 finalique‘
741 2380 963 2462 persecutione
1000 2379 1125 2462 puniri,
1155 2376 1277 2461 perque

222 2490 371 2566 potentes
401 2481 440 2543 de
470 2480 602 2565 Pippini
639 2480 817 2564 Karolique
853 2481 995 2562 germine
1024 2480 1111 2543 felici
1140 2480 1277 2563 desuper

225 2583 347 2646 ultores
362 2580 500 2665 denique
516 2583 616 2658 datos,
632 2605 651 2645 a
665 2581 759 2645 terris
774 2582 893 2646 eisdem
909 2583 943 2645 in
966 2583 1085 2665 quibus
1100 2581 1278 2645 Dominum

225 2683 373 2746 honorari
388 2684 563 2767 debitoque
586 2684 625 2747 de
646 2685 720 2768 jure
741 2707 807 2746 non
827 2685 1052 2768 permiserunt,
1067 2683 1278 2764 ignominiose

227 2785 322 2849 nimis
331 2785 364 2848 et
373 2780 551 2848 'aerumnose
560 2795 711 2868 tanquam
719 2771 838 2848 talione
849 2797 1006 2868 suscepta,
1015 2784 1280 2869 exstirpari2pro-

228 2888 428 2953 meruerunt,
467 2887 603 2951 Utinam
615 2910 632 2950 a
645 2897 730 2951 terra
738 2888 914 2952 viventium
927 2888 1011 2951 sicut
1022 2887 1281 2961 etmorientium,

229 3013 247 3053 a
262 2999 347 3053 terra
357 2990 445 3053 vitali
457 2991 540 3054 sicut
549 2989 713 3074 etpoenali
721 2989 787 3051 sive
798 2989 921 3076 lethali,
931 3014 950 3054 a
959 3001 1044 3054 terra
1055 3012 1152 3074 quam
1164 2989 1282 3072 quaeri-

228 3113 300 3153 mus
328 3091 393 3166 illa,
424 3087 507 3154 sicut
536 3083 578 3154 et¹
592 3101 675 3154 terra
699 3113 793 3174 quarn
822 3092 956 3155 terimus
977 3093 1048 3168 ista,
1075 3088 1198 3154 meritis
1224 3113 1304 3174 per·

230 3192 337 3254 omnia
358 3191 463 3274 pravis
493 3184 717 3255 damnabiliter
739 3193 871 3277 expelli,
900 3217 965 3277 non
988 3192 1188 3257 meruissent.
1234 3190 1283 3254 Hi

228 3315 303 3356 vero
329 3292 364 3354 in
385 3292 492 3375 regnis
514 3293 579 3355 suis
594 3315 632 3355 ea
647 3315 721 3375 quae
737 3292 802 3356 Dei
825 3305 901 3358 sunt
915 3295 1057 3378 Domino
1084 3295 1197 3358 devote
1210 3293 1284 3356 red·

232 3395 354 3470 dentes,
372 3404 404 3458 et
425 3395 500 3479 jura
514 3395 724 3474 ecclesiastica
738 3395 804 3458 suis
819 3399 983 3461 tractanda
1007 3396 1150 3482 praelatis
1174 3407 1207 3460 et
1221 3395 1285 3459 dis-

232 3495 404 3579 pensanda,
420 3518 495 3558 cum
517 3496 727 3579 dignitatibus
742 3506 775 3560 et
788 3497 992 3562 libertatibus
1014 3499 1137 3562 cunctis
1158 3497 1286 3580 integra

233 3606 267 3659 et
289 3595 413 3660 illibata
437 3597 666 3681 relinquentes,
687 3607 752 3660 tam
775 3599 827 3661 hic
843 3622 940 3682 quam
954 3599 1031 3663 alibi
1052 3599 1198 3663 mercede
1217 3582 1292 3661 sus-'¹

233 3706 336 3781 cepta,
353 3708 386 3761 et
395 3696 524 3761 honoris
538 3699 573 3761 in
588 3699 680 3762 terris
699 3699 896 3762 incrementa
912 3702 1086 3786 perampla,
1103 3702 1185 3764 etin
1200 3699 1287 3763 caelis

232 3807 307 3881 post
329 3799 405 3862 vitae
429 3799 614 3882 temporalis
639 3799 753 3883 spatia,
775 3823 901 3864 coronae
924 3802 1128 3886 triumphalis
1153 3801 1287 3886 praemia

233 3921 292 3983 pro
307 3908 373 3961 tam
384 3901 474 3984 justo
488 3900 643 3983 regimine
658 3901 812 3984 consequi
827 3913 990 3990 merentur
1005 3902 1136 3967 aeterna.
1169 3981 1172 3985 .

278 3999 355 4063 Non
370 4000 472 4084 igitur
491 4001 652 4078 inmerito,
668 4025 727 4065 nec
748 4002 869 4086 absque
892 4003 1128 4068 evidentissimo
1147 4004 1286 4090 justitiae

234 4099 372 4162 caelestis
390 4100 525 4184 judicio,
542 4112 637 4165 terrae
653 4111 862 4186 tyrannorum
877 4113 941 4166 tam
957 4127 1137 4188 pravorum,
1157 4116 1288 4188 tamque

271 4277 278 4306 ¹
298 4277 364 4329 Mat.
382 4279 458 4332 xxiii.
473 4283 515 4332 12.
616 4275 617 4278 ¹
762 4281 773 4313 ³
788 4281 919 4352 strepitus,
932 4282 990 4338 MS.
1001 4303 1008 4350 ;
1021 4284 1086 4338 forte
1099 4285 1220 4354 stirpitus.
