3000 5040
442 488 490 538 un
515 488 782 540 rusrnuorrourr
807 487 1021 538 rnmcrruu.
1191 476 1252 539 135

201 635 371 717 supercilia
397 635 592 719 prominent,
619 637 789 720 ignescunt
813 639 920 715 oculi;
957 661 1040 721 gena
1065 640 1191 703 brevior
1220 641 1254 704 in

200 738 343 821 amplum
358 737 562 814 extenditu13
586 749 699 822 pectus
711 750 745 802 et
765 740 892 803 humeri
907 740 1144 806 diffunduntur.
1190 741 1255 805 Sed

200 850 234 903 et
252 849 368 903 caetera
388 838 559 923 descriptio
579 840 720 924 corporis
739 841 772 904 in
790 841 895 905 virum
916 842 1089 925 consurgit.
1135 840 1176 904 In
1198 842 1255 906 illo

199 962 339 1023 namque
366 940 453 1024 quod
482 939 521 1003 de
552 940 682 1005 Socrate
718 941 838 1026 legitur
872 942 996 1027 insigne
1027 942 1182 1026 quiddam
1217 966 1254 1006 ac

200 1043 394 1126 stupendum
421 1042 556 1121 enituit3
584 1065 658 1105 nam
687 1043 897 1106 constantiam
923 1043 1021 1107 animi
1050 1043 1255 1128 exprimebat

198 1141 317 1220 vultus,
334 1165 458 1227 semper
479 1143 563 1206 idern
587 1154 621 1207 et
643 1143 817 1208 immobilis
839 1166 1040 1230 permanens,
1063 1167 1122 1208 nec
1145 1145 1253 1209 dolore

198 1244 361 1307 obscurior
389 1266 448 1307 nec
482 1245 530 1307 ira
557 1255 712 1322 coarctus,
741 1267 801 1309 nec
830 1245 945 1309 laetitia
975 1245 1159 1309 dissolutus.
1214 1246 1253 1309 In

198 1354 325 1409 tantum
340 1367 416 1409 vero
441 1346 585 1409 nativum
605 1344 766 1409 Almaniae
787 1347 999 1410 venerabatur
1025 1346 1201 1430 cloquium,
1216 1358 1255 1410 ut

197 1466 383 1531 quanquam
411 1446 543 1511 alterius
576 1446 697 1530 linguae
733 1469 799 1510 non
838 1446 965 1511 nescius
995 1457 1089 1523 esset,
1119 1447 1253 1510 aliarum

197 1559 305 1611 tamen
318 1549 465 1632 gentium
478 1548 582 1613 missis
593 1570 659 1611 non
675 1547 738 1612 nisi
756 1570 814 1633 per
828 1549 1039 1632 interpretem
1053 1548 1251 1632 loqueretur.

196 1648 258 1712 Vir
272 1659 381 1713 tantus
396 1672 470 1714 cum
488 1661 620 1735 propter
638 1660 821 1735 praeeuntes
835 1648 1025 1713 summarios
1040 1649 1163 1714 diutius
1177 1651 1253 1714 sub-

196 1751 339 1829 stitisset,
356 1753 486 1816 tandem
506 1775 596 1815 mora
616 1752 652 1815 in
673 1751 810 1815 taedium
824 1751 983 1829 vertitur3
1007 1761 1042 1815 et
1058 1749 1121 1813 iter
1139 1751 1252 1815 antici-

194 1875 271 1936 pare
295 1853 438 1938 cupiens,
460 1854 582 1917 flumen
607 1853 794 1938 proximum
817 1863 1010 1916 transmeare
1035 1852 1187 1936 disponit,
1214 1862 1252 1917 ut

194 1953 276 2017 illud
304 1977 324 2018 a
348 1967 439 2040 parte
463 1956 708 2019 summariorum
733 1954 895 2018 anteriore
920 1975 1096 2031 remensus,
1122 1954 1163 2016 ad
1189 1955 1250 2018 viae

193 2056 304 2119 redeat
331 2056 524 2121 libertatem.
585 2056 614 2120 Ο
643 2078 741 2133 mare,
772 2055 802 2118 Ο
832 2065 927 2134 terra,
957 2055 988 2120 Ο
1018 2055 1158 2120 caelum!
1195 2055 1251 2119 ille

194 2156 334 2221 Romani
358 2159 539 2223 moderator
560 2158 690 2242 imperii
721 2179 847 2240 semper
870 2157 1048 2241 AugustuS,
1071 2179 1130 2242 per
1154 2178 1251 2240 quem

195 2259 311 2323 Romae
341 2260 458 2323 veteris
492 2258 640 2323 refloruit
672 2258 784 2341 gloria,
814 2258 935 2321 revixit
966 2258 1079 2334 honos,
1108 2267 1250 2341 potestas

194 2361 347 2438 excrevit,
362 2362 446 2425 heul
470 2360 562 2444 aquis
577 2360 702 2444 deperit
716 2360 933 2443 interceptus3
957 2369 990 2422 et
1011 2359 1088 2421 licet
1102 2357 1248 2441 undique

194 2463 374 2526 subsidium
396 2461 577 2525 collaterale
600 2460 743 2538 festinet,
758 2461 835 2524 vitae
860 2470 968 2525 tamen
991 2459 1099 2524 senilis
1124 2458 1249 2543 ignicu-

192 2564 260 2627 lum
288 2587 373 2627 mors
401 2585 546 2649 praeceps
574 2572 609 2626 et
634 2571 762 2625 matura
791 2561 965 2645 extinguit.
1015 2559 1064 2625 At
1092 2561 1119 2624 si
1147 2560 1248 2625 libido

191 2667 334 2744 natandi,
358 2666 442 2730 sicut
464 2666 611 2750 plerique
638 2673 794 2742 asserunt,
817 2663 930 2727 mortis
952 2685 1078 2728 causam
1100 2663 1247 2726 intulisse

192 2767 337 2845 dicatur3
365 2768 436 2852 ipsa
462 2767 523 2830 viri
551 2766 689 2850 gravitas
718 2765 753 2828 in
779 2766 976 2830 contrarium
1004 2764 1158 2849 disputat,
1188 2786 1247 2827 nec

190 2868 288 2931 fidem
307 2879 460 2947 meretur,
482 2869 570 2952 quod
592 2879 758 2932 tantorum
783 2867 920 2931 salutem
941 2877 1069 2931 natator
1089 2865 1247 2930 invalidus

191 2970 286 3033 undis
300 2970 466 3035 fallacibus
475 2970 694 3033 commisisset.
732 2967 936 3033 Conscientia
948 2979 1030 3033 teste
1045 2968 1246 3032 morsminus

191 3094 288 3156 quam
302 3072 416 3136 modus
430 3072 543 3136 mortis
557 3071 719 3136 sollicitat.
765 3070 831 3134 Sed
844 3071 905 3134 hoc
928 3071 1021 3135 nobis
1038 3071 1074 3134 in
1096 3068 1245 3133 solatium

189 3175 288 3252 venit,
304 3175 392 3258 quod
414 3175 569 3258 scriptum
590 3174 719 3257 legitur,
736 3177 758 3209 ‘⁴
770 3171 894 3248 Justus,
916 3194 1120 3257 quacumque
1142 3180 1245 3234 morte

189 3287 431 3361 praeoccupatus
445 3276 556 3353 fuerit,
571 3275 605 3338 in
618 3275 786 3359 refrigerio
801 3275 895 3352 erit,’'
912 3276 985 3341 &c.¹

232 3377 396 3442 Caeterum
405 3376 612 3441 Antiochiam
620 3377 842 3461 pervenientes
851 3374 1052 3439 Christicolae
1061 3373 1246 3458 postmulta

186 3489 220 3541 et
234 3480 329 3561 longa
339 3477 465 3562 jejunia
477 3477 558 3540 cibis
573 3477 701 3540 edacius
715 3477 919 3560 indulgentes
937 3475 1115 3558 repletione
1137 3476 1245 3539 subita

187 3580 402 3654 suffocantur3
430 3577 540 3659 sicque
569 3599 651 3658 quos
678 3599 738 3640 nec
766 3576 868 3641 hostis
897 3599 955 3639 nec
983 3575 1084 3639 fames
1113 3577 1243 3654 vicerat,

185 3702 251 3762 pax
263 3679 332 3742 dira
343 3677 483 3762 perimit,
496 3676 625 3741 satietas
635 3677 814 3761 perniciosa
825 3676 999 3759 extinguit.
1045 3675 1118 3740 Hoc
1130 3677 1243 3761 itaque

186 3794 252 3847 tam
268 3781 354 3865 turpi
368 3780 454 3843 facto
463 3802 536 3843 curn
552 3780 712 3843 exercitus
725 3779 807 3844 tanti
822 3801 895 3864 pars
908 3778 1042 3864 amplior
1055 3779 1240 3858 interiisset,

184 3883 304 3966 reliqui
324 3881 448 3945 rediere
464 3881 713 3966 quamplurimi3
731 3904 804 3966 pars
820 3881 957 3959 modica,
974 3903 1049 3964 quae
1066 3881 1240 3965 repatriare

184 3989 314 4074 puduit,
324 3990 384 4052 sub
393 3988 460 4052 filio
473 3987 679 4074 Imperatoris
691 3989 821 4065 militat,
833 3989 886 4052 cui
897 3988 1044 4073 princeps
1055 3987 1239 4052 Antiochiae

185 4102 286 4156 totam
306 4093 419 4156 urbem
442 4114 481 4154 ao
494 4091 688 4155 munitiones
711 4092 875 4154 universas
890 4090 1060 4156 contradit.
1103 4089 1239 4174 Majoris

184 4195 268 4258 enim
277 4195 414 4258 obtentu
422 4193 565 4279 praesidii
574 4195 686 4258 urbem
697 4193 784 4256 Duci
792 4193 932 4258 ultronei
938 4193 1085 4278 judicant
1093 4191 1239 4256 commit-

548 4328 555 4360 ¹
573 4328 614 4382 De
627 4327 762 4396 Vineseuf,
775 4345 801 4398 p.
814 4330 876 4383 266.
