3000 5040
289 470 350 535 192
531 523 537 531 .
593 487 777 540 omnebus
802 487 1034 542 caueamus
1235 466 1345 566 [aaut

286 634 373 718 apud
397 633 598 700 Glastoniam
621 637 705 700 inter
728 637 849 723 lapides
872 637 1074 723 pyramideos
1096 638 1188 716 duos,
1216 638 1251 701 in
1277 661 1344 702 coe·
1423 696 1425 700 .

287 735 414 799 miterio
429 759 517 800 sacro
531 739 692 821 quondam
715 750 848 821 erectos,
865 739 1059 823 profundius
1073 740 1105 802 in
1123 750 1207 802 terra
1222 762 1343 823 quercu

287 860 423 901 concava
445 839 656 916 reconditum,
682 852 715 903 et
737 839 899 924 signatum
922 840 1012 903 miris
1037 839 1166 903 indiciis
1193 851 1227 903 et
1250 840 1342 925 quasi

287 939 494 1018 miraculosis,
521 951 570 1003 est
595 941 772 1018 inventum,
803 951 836 1004 et
862 941 896 1003 in
923 939 1088 1004 ecclesiam
1118 963 1192 1003 cum
1220 940 1341 1004 honore

288 1041 486 1118 translatum,
503 1064 744 1126 marmoreoque
768 1043 918 1106 decenter
929 1043 1058 1117 tumulo
1072 1043 1340 1108 commendatum.

288 1142 384 1206 Unde
399 1153 433 1205 et
455 1164 535 1205 crux
551 1143 702 1227 plumbea
717 1143 822 1227 lapide
845 1143 1023 1228 supposito,
1038 1166 1105 1206 non
1129 1143 1278 1228 superius
1301 1155 1341 1208 ut

291 1241 435 1327 [nostris]
452 1243 534 1306 solet
544 1244 668 1320 diebus,
684 1243 768 1328 [sed]
782 1244 926 1308 inferiori
940 1245 1050 1329 potius
1065 1267 1108 1308 ex
1121 1255 1212 1329 parte
1225 1245 1340 1322 infixa,

289 1366 385 1427 quam
400 1367 458 1411 nos
475 1368 605 1430 quoque
619 1347 767 1424 vidimus,
779 1369 918 1432 namque
935 1347 1138 1411 tractavimus
1150 1346 1274 1410 litteras
1283 1347 1344 1410 has

286 1445 461 1531 insculptas
476 1458 511 1528 et
522 1470 588 1511 non
602 1449 779 1513 eminentes
792 1459 825 1512 et
840 1458 1014 1526 exstantes,
1025 1455 1081 1512 sed
1093 1449 1193 1532 magis
1204 1449 1340 1513 interius

286 1548 327 1610 ad
348 1548 488 1634 lapidem
499 1573 614 1628 versas,
631 1549 833 1614 continebat:
859 1555 880 1585 “
893 1549 962 1614 Hrc
978 1571 1083 1614 sacar
1099 1570 1267 1614 snrunrus
1285 1571 1340 1615 rn-

287 1671 417 1715 cnvrus
437 1651 517 1715 Rnx
537 1652 733 1716 Anrflunus
757 1673 827 1716 cuu
843 1653 1118 1718 Wnuuuvnnnra
1134 1673 1253 1717 uxoren
1276 1673 1340 1717 sua

288 1755 465 1817 sncuunn1
481 1772 519 1815 ru
536 1773 661 1816 msunn
677 1752 895 1817 Avanoum.’'

331 1853 514 1918 Occurrunt
524 1854 576 1917 hic
591 1867 700 1919 autem
717 1855 871 1922 notabilia
892 1856 1048 1940 plurima;
1071 1856 1228 1920 habuerat
1250 1857 1336 1920 enim

286 1978 405 2019 uxores
434 1956 524 2031 duas,
554 1978 691 2039 quarum
719 1956 833 2020 ultima
868 1957 965 2021 simul
994 1981 1068 2022 cum
1103 1959 1173 2043 ipso
1210 1959 1337 2041 sepulta

284 2057 401 2141 fuerat,
417 2066 451 2120 et
473 2079 543 2121 ossa
564 2056 665 2141 ipsius
688 2080 762 2121 cum
787 2059 910 2123 ossibus
925 2059 986 2123 viri
1006 2060 1102 2125 simul
1123 2061 1263 2137 inventa,
1291 2059 1336 2122 sic

285 2158 437 2222 distincta
459 2170 577 2235 tamen,
603 2169 642 2222 ut
669 2160 743 2224 duae
770 2171 876 2245 partes
905 2161 1077 2246 sepulchri,
1101 2184 1209 2226 versus
1238 2167 1336 2245 caput

285 2282 328 2324 sc.
357 2260 480 2324 ossibus
501 2261 562 2324 viri
583 2261 786 2325 continendis
810 2263 987 2348 deputatae,
1011 2263 1106 2326 tertia
1129 2285 1204 2326 vero
1226 2284 1335 2326 versus

283 2363 381 2447 pedes
392 2384 462 2426 ossa
475 2362 644 2426 muliebria
658 2385 800 2427 seorsum
813 2364 1006 2441 contineret3
1027 2364 1086 2427 ubi
1097 2374 1130 2427 et
1145 2363 1224 2427 trica
1234 2385 1334 2426 comae

283 2464 449 2528 muliebris
464 2464 544 2527 flava
567 2486 640 2529 cum
662 2464 847 2550 integritate
873 2465 1009 2551 pristina
1031 2476 1065 2528 et
1089 2465 1194 2528 colore
1208 2476 1337 2552 reperta

283 2566 358 2643 fuit,
374 2589 471 2650 quam
496 2579 535 2630 ut
557 2567 729 2630 monachus
753 2567 883 2654 quidam
906 2566 997 2630 avide
1020 2590 1118 2630 manu
1141 2567 1278 2650 arripuit
1301 2578 1336 2630 et

284 2669 472 2746 sublevavit,
488 2679 557 2733 tota
579 2669 686 2732 statim
709 2668 743 2731 in
765 2669 930 2753 pulverem
946 2668 1074 2732 decidit.
1121 2668 1204 2731 Cum
1225 2680 1334 2732 autem

283 2771 393 2856 aliqua
414 2770 533 2834 indicia
559 2770 698 2854 corporis
727 2770 774 2833 ibi
796 2769 979 2835 inveniendi
1003 2793 1047 2833 ex
1068 2769 1233 2854 scripturis
1256 2770 1333 2847 suis,

284 2873 391 2957 aliqua
407 2894 449 2935 ex
468 2871 585 2934 litteris
601 2871 819 2956 pyramidibus
834 2872 1005 2956 impressiS,
1022 2894 1218 2956 quamquam
1234 2872 1334 2934 nimia

283 2974 459 3059 plurimum
478 2973 670 3056 antiquitate
695 2972 818 3049 deletis,
831 2973 940 3057 aliqua
963 2995 1093 3057 quoque
1118 2995 1176 3056 per
1196 2972 1334 3036 visiones

283 3085 317 3139 et
345 3075 553 3138 revelationes
584 3074 677 3136 bonis
705 3073 781 3137 viris
809 3085 842 3137 et
864 3074 1019 3158 religiosis
1052 3074 1162 3151 factas,
1180 3074 1332 3137 ‘maxime

284 3185 392 3238 tamen
414 3186 447 3238 et
469 3175 703 3238 evidentissime
728 3175 805 3238 Rex
821 3175 951 3258 Angliae
978 3174 1140 3238 Henricus
1163 3174 1332 3251 secundus,
1414 3169 1417 3175 ’

284 3277 369 3341 sicut
383 3278 423 3340 ab
435 3277 588 3340 historico
604 3288 732 3341 cantore
748 3278 882 3342 Britone
897 3279 1043 3341 audierat
1064 3277 1209 3360 antiqu0‚
1226 3287 1332 3340 totum

283 3379 445 3442 monachis
464 3379 626 3458 indicavit,
643 3380 731 3464 quod
753 3379 923 3464 profunde,
948 3401 990 3444 sc.
1017 3380 1049 3442 in
1077 3389 1162 3442 terra
1184 3400 1241 3463 per
1264 3378 1332 3440 xvi.

281 3482 379 3565 pedes
405 3482 446 3545 ad
474 3481 580 3546 minus
609 3504 724 3566 corpus
752 3481 941 3558 invenirent,
970 3493 1003 3544 et
1038 3504 1103 3544 nou
1138 3480 1173 3543 in
1206 3478 1335 3563 lapideo

282 3584 408 3647 tumulo
442 3583 499 3646 sed
526 3583 560 3646 in
589 3605 710 3665 quercu
740 3593 857 3647 cavata.
903 3582 1047 3666 Ideoque
1077 3593 1143 3649 tam
1171 3579 1331 3665 profunde

280 3685 379 3749 situm
394 3707 520 3770 corpuS,
536 3695 570 3747 et
585 3685 676 3767 quasi
691 3684 913 3748 absconditum
927 3683 1043 3760 fuerat,
1056 3707 1096 3747 ne
1111 3706 1130 3746 a
1147 3681 1332 3745 Saxonibus

279 3790 353 3869 post'
367 3808 477 3848 necem
491 3785 593 3868 ipsius
612 3785 750 3848 insulam
766 3785 1006 3869 occupantibus,
1024 3808 1104 3868 quos
1120 3794 1212 3847 tanto
1235 3804 1331 3866 opere

279 3887 387 3949 vivens
403 3886 626 3963 debellaverat,
643 3897 676 3950 et
689 3886 757 3949 fere
773 3908 816 3950 ex
830 3897 900 3950 toto
916 3887 1085 3963 deleverat,
1100 3896 1210 3970 posset
1224 3885 1329 3948 nulla-

279 4001 374 4057 tenus
387 3987 543 4066 inveniri;
568 3998 602 4051 et
627 3986 668 4050 ob
682 3986 743 4051 hoc
765 3988 861 4050 etiam
884 3984 1015 4065 litterae,
1030 3987 1175 4052 veritatis
1197 3984 1329 4062 indices,

315 4134 645 4200 ¹Cum...recuada,om.
659 4133 777 4198 Leland;
827 4136 876 4187 scri
893 4137 962 4188 rioci
977 4139 1015 4190 'de
1045 4155 1088 4190 suo
1111 4139 1191 4207 rapite
1223 4137 1329 4188 addidit.

278 4203 319 4255 his
331 4220 387 4272 quaa
399 4213 540 4272 sequuntur
554 4203 637 4255 verbis
649 4203 682 4255 ad
697 4221 775 4272 marg.
829 4155 936 4259 coibat.
956 4207 989 4260 iv.
1004 4210 1047 4259 12.
1081 4206 1132 4260 Sed
1144 4207 1202 4259 vide
1222 4223 1248 4275 p.
1271 4208 1331 4271 106,

277 4272 401 4339 adjectis:
422 4272 597 4326 Silvaram
624 4273 721 4340 aliquid
739 4274 777 4325 iau
827 4273 891 4329 ibid.
