3000 5040
228 899 478 970 INCIPIUNT
503 902 743 974 CAPITULA
765 911 957 975 TERTIAE
982 913 1190 977 DISTINC-

494 1046 497 1052 ι
620 1011 792 1076 TIONIS.

286 1297 309 1341 1.
333 1277 385 1341 De
409 1279 522 1355 ultima
546 1281 632 1344 inter
654 1282 761 1366 Reges
782 1282 983 1346 Lodovicum
999 1293 1032 1345 et
1055 1283 1236 1350 Henricum

372 1381 596 1460 collocutione,
614 1395 647 1446 et
660 1384 816 1446 laudabili
830 1383 952 1446 ibidem
964 1383 1121 1459 Lodovici
1134 1387 1236 1471 Regis

374 1482 415 1559 ad
429 1483 538 1546 Deum
554 1484 799 1569 supplicatione.
1019 1487 1021 1490 ⁴

270 1601 305 1644 11.
330 1581 382 1645 De
392 1593 549 1648 terrarum
563 1609 582 1649 a
595 1585 747 1676 Philippo
760 1585 918 1650 Lodovici
931 1585 1010 1663 filio,
1022 1588 1122 1672 juxta
1134 1590 1234 1672 patris

371 1688 641 1772 supplicationem
666 1700 698 1752 et
723 1689 822 1752 visam
850 1689 926 1751 inde
956 1689 1045 1772 prius
1067 1690 1233 1768 visionem,

372 1799 435 1861 tam
458 1813 531 1874 erga
546 1791 714 1854 Blesenses
734 1802 766 1854 et
781 1791 909 1854 Ducem
933 1790 1144 1874 Burgundios,
1160 1816 1234 1856 nec-

357 1913 436 1953 non
460 1891 620 1956 Comitem
637 1893 796 1956 Flandriae
821 1891 1021 1976 Philippum,
1038 1917 1135 1977 quam
1158 1918 1234 1979 erga

371 1993 496 2076 Regem
512 1994 702 2073 Henricum,
715 1995 926 2058 revocatione.

226 2145 229 2150 .
251 2112 302 2156 111.
326 2093 378 2158 De
392 2105 477 2159 terra
497 2096 628 2159 interim
651 2096 907 2160 lerosolimitana
928 2119 947 2159 a
970 2097 1099 2161 Parthis
1111 2110 1147 2175 ¹et
1171 2098 1232 2162 Pa-

367 2199 458 2280 ganis
479 2199 619 2282 graviter
641 2199 840 2284 impugnata,
857 2210 890 2262 et
910 2199 977 2262 fere
996 2200 1065 2284 jam
1088 2201 1231 2265 totaliter

369 2312 567 2384 expugnata.

257 2418 302 2462 ιν.
327 2398 464 2463 Litterae
478 2401 652 2466 Clementis
665 2405 674 2438 ¹
690 2423 784 2486 papae
798 2402 838 2464 ad
853 2401 1099 2464 subventionem
1109 2402 1228 2466 facien-

363 2501 436 2563 dam
450 2501 601 2565 fidelibus
616 2503 757 2566 directae.

269 2620 300 2663 ν.
325 2599 376 2664 De
400 2598 526 2666 Comite
545 2602 725 2667 Pictavensi
747 2602 899 2681 Ricard0,
918 2602 1023 2686 primo
1042 2616 1229 2688 magnatum

368 2699 605 2786 Cisalpinorum
623 2726 716 2766 cruce
739 2703 875 2786 signato,
891 2704 1060 2786 nobilique
1076 2715 1142 2768 tarn
1159 2707 1228 2770 Cis·

367 2803 484 2888 alpinis
500 2827 597 2888 quam
613 2815 646 2868 et
661 2804 816 2868 universis
831 2804 981 2888 exemplo
997 2805 1082 2871 dato.

251 2925 296 2968 vr.
321 2904 373 2968 De
387 2907 607 2970 astronomicis
622 2930 665 2970 ex
685 2907 744 2969 hac
758 2906 943 2969 turbatione
959 2906 1111 2994 deceptis,
1126 2919 1159 2971 et
1173 2909 1227 2973 lit·
1291 2910 1294 2915 ’

364 3007 441 3070 teris
456 3007 650 3092 quibusdam
664 3007 883 3071 consolatoriis
898 3030 917 3068 a
932 3009 1071 3091 quodam
1087 3009 1224 3077 directis.

240 3127 299 3170 vn.
324 3108 375 3171 De
407 3109 533 3174 Comite
573 3109 713 3174 Ricardo
749 3110 812 3173 iter
846 3132 1044 3192 aggressuro,
1075 3114 1131 3175 sed
1166 3137 1226 3198 per

360 3212 462 3294 patris
480 3211 818 3296 malitiamimpedito,
835 3221 869 3274 et
883 3211 925 3274 ob
941 3210 1001 3272 hoc
1016 3213 1056 3275 ad
1076 3237 1225 3297 guerram

361 3313 503 3376 animose
518 3336 680 3377 converso.

224 3432 297 3475 vni.
322 3412 373 3477 De
398 3415 502 3477 titulis
529 3415 662 3478 Ricardi
686 3413 822 3478 Comitis
846 3415 1043 3480 Pictavensis
1066 3419 1226 3482 occasion-

361 3516 453 3578 aliter
467 3516 519 3579 hic
534 3517 723 3579 intersertis.

246 3636 293 3682 IX.
318 3616 370 3678 De
396 3616 488 3700 Rege
511 3617 656 3679 Henrico
678 3616 810 3679 interim
832 3617 867 3679 in
885 3616 1006 3700 Anglia
1030 3619 1224 3682 decimarum

360 3717 582 3779 exactionibus
606 3717 744 3792 intento,
760 3728 793 3781 et
807 3716 984 3779 visionibus
1002 3740 1099 3800 quam
1122 3719 1224 3802 pluri-

360 3817 430 3892 mis,
457 3816 709 3880 commonitoriis
743 3816 864 3901 pariter
896 3828 931 3882 et
942 3869 949 3880 ,,
960 3818 1221 3896 comminatoriis,

358 3917 477 3982 frustra
491 3919 553 3981 sibi
568 3918 753 4003 propalatis.

257 4039 292 4082 x.
316 4018 368 4082 De
385 4019 511 4084 Comite
528 4020 710 4083 Pictavensi
733 4020 874 4084 Ricardo
890 4044 908 4083 a
929 4032 1021 4106 patre
1038 4021 1218 4100 dissociat0,

358 4132 391 4184 et
405 4123 446 4184 ad
460 4121 586 4206 Regem
601 4121 747 4188 Franciae
764 4144 925 4185 converso.

243 4244 291 4295 xl.
315 4222 367 4286 De
392 4223 484 4308 Rege
510 4222 656 4290 Henrico
678 4245 736 4306 per
763 4223 870 4286 omnia
896 4224 1041 4310 confus0,
1066 4233 1098 4286 et
1120 4226 1218 4288 verbo

532 4365 541 4399 ¹
562 4365 669 4434 corrige
682 4364 810 4433 Gregorii,
823 4365 855 4419 B.

1067 4459 1089 4500 G
