<?xml version="1.0" encoding="UTF-8"?>
<!DOCTYPE html PUBLIC "-//W3C//DTD XHTML 1.0 Transitional//EN"
    "http://www.w3.org/TR/xhtml1/DTD/xhtml1-transitional.dtd">
<html xmlns="http://www.w3.org/1999/xhtml" xml:lang="en" lang="en">
 <head>
  <title>
</title>
<meta http-equiv="Content-Type" content="text/html;charset=utf-8" />
  <meta name='ocr-system' content='tesseract 3.04.00' />
  <meta name='ocr-capabilities' content='ocr_page ocr_carea ocr_par ocr_line ocrx_word'/>
</head>
<body>
  <div class='ocr_page' id='page_1' title='image "./giralduscambren00giragoog_0203.png"; bbox 0 0 3000 5040; ppageno 0'>
   <div class='ocr_carea' id='block_1_1' title="bbox 281 476 1017 540">
    <p class='ocr_par' dir='ltr' id='par_1_1' title="bbox 281 476 1017 540">
     <span class='ocr_line' id='line_1_1' title="bbox 281 476 1017 540; baseline -0.003 -2"><span class='ocrx_word' id='word_1_1' title='bbox 281 476 343 540; x_wconf 78' lang='lat'>162</span> <span class='ocrx_word' id='word_1_2' title='bbox 586 488 768 538; x_wconf 77' lang='lat' dir='ltr'><strong>GIRALDUS</strong></span> <span class='ocrx_word' id='word_1_3' title='bbox 793 487 1017 538; x_wconf 77' lang='lat' dir='ltr'>cunsnsusrs</span> 
     </span>
    </p>
   </div>
   <div class='ocr_carea' id='block_1_2' title="bbox 275 635 1334 2757">
    <p class='ocr_par' dir='ltr' id='par_1_2' title="bbox 275 635 1334 2757">
     <span class='ocr_line' id='line_1_2' title="bbox 280 635 1332 724; baseline -0.008 -20"><span class='ocrx_word' id='word_1_4' title='bbox 280 641 396 706; x_wconf 87' lang='lat' dir='ltr'>ceteris</span> <span class='ocrx_word' id='word_1_5' title='bbox 405 639 548 724; x_wconf 87' lang='lat' dir='ltr'>tyrannis</span> <span class='ocrx_word' id='word_1_6' title='bbox 560 639 719 714; x_wconf 89' lang='lat' dir='ltr'>omnibus,</span> <span class='ocrx_word' id='word_1_7' title='bbox 731 648 796 700; x_wconf 89' lang='lat' dir='ltr'>tam</span> <span class='ocrx_word' id='word_1_8' title='bbox 807 637 841 699; x_wconf 91' lang='lat' dir='ltr'>in</span> <span class='ocrx_word' id='word_1_9' title='bbox 856 635 1069 698; x_wconf 84' lang='lat' dir='ltr'><strong>sacerdotium</strong></span> <span class='ocrx_word' id='word_1_10' title='bbox 1085 655 1181 716; x_wconf 88' lang='lat' dir='ltr'>quam</span> <span class='ocrx_word' id='word_1_11' title='bbox 1196 656 1332 717; x_wconf 84' lang='lat' dir='ltr'>regnum</span> 
     </span>
     <span class='ocr_line' id='line_1_3' title="bbox 279 735 1333 827; baseline -0.008 -21"><span class='ocrx_word' id='word_1_12' title='bbox 279 743 496 827; x_wconf 85' lang='lat' dir='ltr'>Anglicanum</span> <span class='ocrx_word' id='word_1_13' title='bbox 514 741 579 804; x_wconf 88' lang='lat' dir='ltr'>suis</span> <span class='ocrx_word' id='word_1_14' title='bbox 601 739 739 803; x_wconf 83' lang='lat' dir='ltr'><strong>insanire</strong></span> <span class='ocrx_word' id='word_1_15' title='bbox 762 738 876 801; x_wconf 91' lang='lat' dir='ltr'>diebus</span> <span class='ocrx_word' id='word_1_16' title='bbox 895 748 929 800; x_wconf 91' lang='lat' dir='ltr'>et</span> <span class='ocrx_word' id='word_1_17' title='bbox 952 736 1150 812; x_wconf 89' lang='lat' dir='ltr'>debacchari,</span> <span class='ocrx_word' id='word_1_18' title='bbox 1174 735 1223 799; x_wconf 81' lang='lat' dir='ltr'>fas</span> <span class='ocrx_word' id='word_1_19' title='bbox 1238 758 1333 799; x_wconf 90' lang='lat' dir='ltr'>omne</span> 
     </span>
     <span class='ocr_line' id='line_1_4' title="bbox 278 839 1331 929; baseline -0.007 -20"><span class='ocrx_word' id='word_1_20' title='bbox 278 846 432 929; x_wconf 84' lang='lat' dir='ltr'>nefasque</span> <span class='ocrx_word' id='word_1_21' title='bbox 461 843 698 919; x_wconf 80' lang='lat' dir='ltr'>confundendo,</span> <span class='ocrx_word' id='word_1_22' title='bbox 725 840 882 926; x_wconf 84' lang='lat' dir='ltr'>plectibili</span> <span class='ocrx_word' id='word_1_23' title='bbox 910 839 1090 903; x_wconf 82' lang='lat' dir='ltr'>temeritate</span> <span class='ocrx_word' id='word_1_24' title='bbox 1112 839 1331 923; x_wconf 84' lang='lat' dir='ltr'>praesumpsit,</span> 
     </span>
     <span class='ocr_line' id='line_1_5' title="bbox 277 939 1329 1030; baseline -0.006 -20"><span class='ocrx_word' id='word_1_25' title='bbox 277 947 389 1010; x_wconf 85' lang='lat' dir='ltr'>referri</span> <span class='ocrx_word' id='word_1_26' title='bbox 411 956 529 1030; x_wconf 86' lang='lat' dir='ltr'>potest.</span> <span class='ocrx_word' id='word_1_27' title='bbox 574 944 692 1007; x_wconf 87' lang='lat' dir='ltr'>Dictus</span> <span class='ocrx_word' id='word_1_28' title='bbox 709 941 793 1006; x_wconf 89' lang='lat' dir='ltr'>enim</span> <span class='ocrx_word' id='word_1_29' title='bbox 808 941 829 1004; x_wconf 88' lang='lat' dir='ltr'><strong>J</strong></span> <span class='ocrx_word' id='word_1_30' title='bbox 831 941 980 1018; x_wconf 89' lang='lat' dir='ltr'>ohannes,</span> <span class='ocrx_word' id='word_1_31' title='bbox 996 939 1100 1024; x_wconf 91' lang='lat' dir='ltr'>(cujus</span> <span class='ocrx_word' id='word_1_32' title='bbox 1123 940 1248 1003; x_wconf 90' lang='lat' dir='ltr'>utinam</span> <span class='ocrx_word' id='word_1_33' title='bbox 1262 940 1329 1005; x_wconf 86' lang='lat' dir='ltr'>vita</span> 
     </span>
     <span class='ocr_line' id='line_1_6' title="bbox 276 1042 1329 1130; baseline -0.007 -18"><span class='ocrx_word' id='word_1_34' title='bbox 276 1048 415 1112; x_wconf 87' lang='lat' dir='ltr'>nominis</span> <span class='ocrx_word' id='word_1_35' title='bbox 442 1044 702 1130; x_wconf 76' lang='lat' dir='ltr'>interpretationi</span> <span class='ocrx_word' id='word_1_36' title='bbox 738 1042 979 1106; x_wconf 76' lang='lat' dir='ltr'>concordasset!</span> <span class='ocrx_word' id='word_1_37' title='bbox 1010 1042 1163 1125; x_wconf 83' lang='lat' dir='ltr'>quatinus</span> <span class='ocrx_word' id='word_1_38' title='bbox 1198 1043 1252 1106; x_wconf 92' lang='lat' dir='ltr'>hic</span> <span class='ocrx_word' id='word_1_39' title='bbox 1278 1043 1329 1105; x_wconf 91' lang='lat' dir='ltr'>vel</span> 
     </span>
     <span class='ocr_line' id='line_1_7' title="bbox 276 1143 1330 1233; baseline -0.005 -21"><span class='ocrx_word' id='word_1_40' title='bbox 276 1149 311 1212; x_wconf 91' lang='lat' dir='ltr'>in</span> <span class='ocrx_word' id='word_1_41' title='bbox 325 1149 436 1233; x_wconf 82' lang='lat' dir='ltr'>paucis</span> <span class='ocrx_word' id='word_1_42' title='bbox 457 1146 643 1230; x_wconf 83' lang='lat' dir='ltr'>anticipatio</span> <span class='ocrx_word' id='word_1_43' title='bbox 664 1144 747 1226; x_wconf 89' lang='lat' dir='ltr'>fiat‚)</span> <span class='ocrx_word' id='word_1_44' title='bbox 769 1143 922 1227; x_wconf 90' lang='lat' dir='ltr'>quoniam</span> <span class='ocrx_word' id='word_1_45' title='bbox 935 1143 1050 1207; x_wconf 86' lang='lat' dir='ltr'>fratres</span> <span class='ocrx_word' id='word_1_46' title='bbox 1065 1143 1209 1227; x_wconf 85' lang='lat' dir='ltr'>egregios</span> <span class='ocrx_word' id='word_1_47' title='bbox 1231 1153 1330 1228; x_wconf 88' lang='lat' dir='ltr'>atque</span> 
     </span>
     <span class='ocr_line' id='line_1_8' title="bbox 275 1247 1329 1338; baseline -0.006 -22"><span class='ocrx_word' id='word_1_48' title='bbox 275 1262 426 1338; x_wconf 90' lang='lat' dir='ltr'>parentes</span> <span class='ocrx_word' id='word_1_49' title='bbox 439 1249 581 1314; x_wconf 88' lang='lat' dir='ltr'>inbonis</span> <span class='ocrx_word' id='word_1_50' title='bbox 603 1248 803 1332; x_wconf 87' lang='lat' dir='ltr'>aequiparare</span> <span class='ocrx_word' id='word_1_51' title='bbox 824 1268 891 1308; x_wconf 91' lang='lat' dir='ltr'>non</span> <span class='ocrx_word' id='word_1_52' title='bbox 911 1247 1031 1331; x_wconf 89' lang='lat' dir='ltr'>potuit,</span> <span class='ocrx_word' id='word_1_53' title='bbox 1046 1257 1126 1330; x_wconf 86' lang='lat' dir='ltr'>puta</span> <span class='ocrx_word' id='word_1_54' title='bbox 1140 1247 1223 1310; x_wconf 92' lang='lat' dir='ltr'>sicut</span> <span class='ocrx_word' id='word_1_55' title='bbox 1237 1247 1329 1310; x_wconf 86' lang='lat' dir='ltr'>annis</span> 
     </span>
     <span class='ocr_line' id='line_1_9' title="bbox 276 1348 1326 1433; baseline -0.006 -17"><span class='ocrx_word' id='word_1_56' title='bbox 276 1351 419 1430; x_wconf 81' lang='lat' dir='ltr'>inferior,</span> <span class='ocrx_word' id='word_1_57' title='bbox 435 1352 481 1414; x_wconf 86' lang='lat' dir='ltr'>sic</span> <span class='ocrx_word' id='word_1_58' title='bbox 495 1351 609 1414; x_wconf 89' lang='lat' dir='ltr'>animis</span> <span class='ocrx_word' id='word_1_59' title='bbox 623 1350 736 1414; x_wconf 89' lang='lat' dir='ltr'>amaris</span> <span class='ocrx_word' id='word_1_60' title='bbox 751 1359 785 1413; x_wconf 90' lang='lat' dir='ltr'>et</span> <span class='ocrx_word' id='word_1_61' title='bbox 807 1348 933 1412; x_wconf 88' lang='lat' dir='ltr'>actibus</span> <span class='ocrx_word' id='word_1_62' title='bbox 947 1349 1052 1433; x_wconf 89' lang='lat' dir='ltr'>pravis</span> <span class='ocrx_word' id='word_1_63' title='bbox 1066 1349 1160 1432; x_wconf 87' lang='lat' dir='ltr'>longe</span> <span class='ocrx_word' id='word_1_64' title='bbox 1187 1348 1326 1411; x_wconf 87' lang='lat' dir='ltr'>deterior</span> 
     </span>
     <span class='ocr_line' id='line_1_10' title="bbox 276 1449 1334 1534; baseline -0.004 -17"><span class='ocrx_word' id='word_1_65' title='bbox 276 1454 429 1530; x_wconf 84' lang='lat' dir='ltr'>existens,</span> <span class='ocrx_word' id='word_1_66' title='bbox 449 1474 516 1515; x_wconf 92' lang='lat' dir='ltr'>non</span> <span class='ocrx_word' id='word_1_67' title='bbox 537 1452 641 1514; x_wconf 88' lang='lat' dir='ltr'>solum</span> <span class='ocrx_word' id='word_1_68' title='bbox 664 1449 751 1534; x_wconf 88' lang='lat' dir='ltr'>ipsos</span> <span class='ocrx_word' id='word_1_69' title='bbox 771 1451 806 1513; x_wconf 90' lang='lat' dir='ltr'>in</span> <span class='ocrx_word' id='word_1_70' title='bbox 827 1449 931 1526; x_wconf 87' lang='lat' dir='ltr'>malis,</span> <span class='ocrx_word' id='word_1_71' title='bbox 943 1471 1055 1514; x_wconf 86' lang='lat' dir='ltr'>verum</span> <span class='ocrx_word' id='word_1_72' title='bbox 1077 1450 1177 1514; x_wconf 89' lang='lat' dir='ltr'>etiam</span> <span class='ocrx_word' id='word_1_73' title='bbox 1198 1449 1233 1512; x_wconf 91' lang='lat' dir='ltr'>in</span> <span class='ocrx_word' id='word_1_74' title='bbox 1246 1449 1334 1513; x_wconf 86' lang='lat' dir='ltr'>vitiis</span> 
     </span>
     <span class='ocr_line' id='line_1_11' title="bbox 277 1552 1329 1636; baseline -0.004 -18"><span class='ocrx_word' id='word_1_75' title='bbox 277 1555 461 1618; x_wconf 84' lang='lat' dir='ltr'>enormibus</span> <span class='ocrx_word' id='word_1_76' title='bbox 481 1553 614 1617; x_wconf 80' lang='lat' dir='ltr'>vitiosos</span> <span class='ocrx_word' id='word_1_77' title='bbox 634 1552 759 1615; x_wconf 85' lang='lat' dir='ltr'>vincere</span> <span class='ocrx_word' id='word_1_78' title='bbox 781 1562 925 1629; x_wconf 86' lang='lat' dir='ltr'>cunctos,</span> <span class='ocrx_word' id='word_1_79' title='bbox 950 1561 984 1615; x_wconf 89' lang='lat' dir='ltr'>et</span> <span class='ocrx_word' id='word_1_80' title='bbox 1010 1552 1153 1616; x_wconf 87' lang='lat' dir='ltr'>maxime</span> <span class='ocrx_word' id='word_1_81' title='bbox 1178 1561 1329 1636; x_wconf 87' lang='lat' dir='ltr'>tyrannos</span> 
     </span>
     <span class='ocr_line' id='line_1_12' title="bbox 276 1653 1331 1739; baseline -0.003 -20"><span class='ocrx_word' id='word_1_82' title='bbox 276 1677 385 1719; x_wconf 88' lang='lat' dir='ltr'>omnes</span> <span class='ocrx_word' id='word_1_83' title='bbox 411 1676 493 1739; x_wconf 90' lang='lat' dir='ltr'>quos</span> <span class='ocrx_word' id='word_1_84' title='bbox 506 1655 558 1718; x_wconf 90' lang='lat' dir='ltr'>vel</span> <span class='ocrx_word' id='word_1_85' title='bbox 580 1675 722 1738; x_wconf 87' lang='lat' dir='ltr'>praesens</span> <span class='ocrx_word' id='word_1_86' title='bbox 745 1663 823 1717; x_wconf 82' lang='lat' dir='ltr'>aetas</span> <span class='ocrx_word' id='word_1_87' title='bbox 841 1653 894 1716; x_wconf 86' lang='lat' dir='ltr'>vel</span> <span class='ocrx_word' id='word_1_88' title='bbox 914 1653 1069 1736; x_wconf 86' lang='lat' dir='ltr'>longaevae</span> <span class='ocrx_word' id='word_1_89' title='bbox 1093 1653 1257 1718; x_wconf 83' lang='lat' dir='ltr'>memoriae</span> <span class='ocrx_word' id='word_1_90' title='bbox 1280 1676 1331 1716; x_wconf 87' lang='lat' dir='ltr'>re-</span> 
     </span>
     <span class='ocr_line' id='line_1_13' title="bbox 276 1755 1333 1841; baseline -0.002 -21"><span class='ocrx_word' id='word_1_91' title='bbox 276 1757 379 1820; x_wconf 88' lang='lat' dir='ltr'>colere</span> <span class='ocrx_word' id='word_1_92' title='bbox 418 1756 528 1841; x_wconf 86' lang='lat' dir='ltr'>potuit</span> <span class='ocrx_word' id='word_1_93' title='bbox 564 1755 751 1839; x_wconf 83' lang='lat' dir='ltr'>antiquitas,</span> <span class='ocrx_word' id='word_1_94' title='bbox 778 1755 974 1819; x_wconf 86' lang='lat' dir='ltr'>detestandis</span> <span class='ocrx_word' id='word_1_95' title='bbox 1012 1777 1119 1840; x_wconf 88' lang='lat' dir='ltr'>pravae</span> <span class='ocrx_word' id='word_1_96' title='bbox 1155 1755 1333 1840; x_wconf 87' lang='lat' dir='ltr'>tyrannidis</span> 
     </span>
     <span class='ocr_line' id='line_1_14' title="bbox 275 1856 1331 1922; baseline -0.001 -1"><span class='ocrx_word' id='word_1_97' title='bbox 275 1859 401 1922; x_wconf 86' lang='lat' dir='ltr'>actibus</span> <span class='ocrx_word' id='word_1_98' title='bbox 424 1858 501 1922; x_wconf 90' lang='lat' dir='ltr'>totis</span> <span class='ocrx_word' id='word_1_99' title='bbox 527 1859 749 1921; x_wconf 86' lang='lat' dir='ltr'>transcendere</span> <span class='ocrx_word' id='word_1_100' title='bbox 771 1857 896 1922; x_wconf 85' lang='lat' dir='ltr'>nisibus</span> <span class='ocrx_word' id='word_1_101' title='bbox 917 1857 1101 1922; x_wconf 88' lang='lat' dir='ltr'>elaboravit.</span> <span class='ocrx_word' id='word_1_102' title='bbox 1147 1856 1209 1921; x_wconf 94' lang='lat' dir='ltr'>Illo</span> <span class='ocrx_word' id='word_1_103' title='bbox 1236 1857 1331 1921; x_wconf 91' lang='lat' dir='ltr'>nimi-</span> 
     </span>
     <span class='ocr_line' id='line_1_15' title="bbox 275 1946 1331 2042; baseline -0.002 -19"><span class='ocrx_word' id='word_1_104' title='bbox 275 1982 348 2023; x_wconf 87' lang='lat' dir='ltr'>rum</span> <span class='ocrx_word' id='word_1_105' title='bbox 370 1959 405 2022; x_wconf 90' lang='lat' dir='ltr'>iu</span> <span class='ocrx_word' id='word_1_106' title='bbox 433 1959 565 2042; x_wconf 86' lang='lat' dir='ltr'>sceptris</span> <span class='ocrx_word' id='word_1_107' title='bbox 587 1946 712 2042; x_wconf 86' lang='lat' dir='ltr'>agente,</span> <span class='ocrx_word' id='word_1_108' title='bbox 734 1959 833 2023; x_wconf 93' lang='lat' dir='ltr'>immo</span> <span class='ocrx_word' id='word_1_109' title='bbox 858 1980 969 2022; x_wconf 87' lang='lat' dir='ltr'>revera</span> <span class='ocrx_word' id='word_1_110' title='bbox 989 1959 1129 2036; x_wconf 75' lang='lat' dir='ltr'>furente,</span> <span class='ocrx_word' id='word_1_111' title='bbox 1156 1958 1273 2022; x_wconf 91' lang='lat' dir='ltr'>accidit</span> <span class='ocrx_word' id='word_1_112' title='bbox 1296 1958 1331 2021; x_wconf 93' lang='lat' dir='ltr'>in</span> 
     </span>
     <span class='ocr_line' id='line_1_16' title="bbox 276 2058 1333 2144; baseline -0.003 -20"><span class='ocrx_word' id='word_1_113' title='bbox 276 2060 424 2124; x_wconf 85' lang='lat' dir='ltr'>australis</span> <span class='ocrx_word' id='word_1_114' title='bbox 440 2058 606 2123; x_wconf 88' lang='lat' dir='ltr'>Kambriae</span> <span class='ocrx_word' id='word_1_115' title='bbox 620 2059 752 2135; x_wconf 87' lang='lat' dir='ltr'>finibus,</span> <span class='ocrx_word' id='word_1_116' title='bbox 767 2069 801 2123; x_wconf 92' lang='lat' dir='ltr'>et</span> <span class='ocrx_word' id='word_1_117' title='bbox 815 2059 978 2143; x_wconf 87' lang='lat' dir='ltr'>provincia</span> <span class='ocrx_word' id='word_1_118' title='bbox 987 2060 1146 2123; x_wconf 90' lang='lat' dir='ltr'>maritima</span> <span class='ocrx_word' id='word_1_119' title='bbox 1157 2081 1232 2144; x_wconf 88' lang='lat' dir='ltr'>quae</span> <span class='ocrx_word' id='word_1_120' title='bbox 1247 2069 1333 2122; x_wconf 88' lang='lat' dir='ltr'>terra</span> 
     </span>
     <span class='ocr_line' id='line_1_17' title="bbox 276 2161 1330 2248; baseline -0.003 -21"><span class='ocrx_word' id='word_1_121' title='bbox 276 2163 429 2248; x_wconf 87' lang='lat' dir='ltr'>Morgani</span> <span class='ocrx_word' id='word_1_122' title='bbox 449 2161 546 2246; x_wconf 85' lang='lat' dir='ltr'>vulgo</span> <span class='ocrx_word' id='word_1_123' title='bbox 563 2171 704 2237; x_wconf 87' lang='lat' dir='ltr'>vocatur,</span> <span class='ocrx_word' id='word_1_124' title='bbox 731 2183 846 2245; x_wconf 83' lang='lat' dir='ltr'>parum</span> <span class='ocrx_word' id='word_1_125' title='bbox 871 2172 945 2226; x_wconf 87' lang='lat' dir='ltr'>aute</span> <span class='ocrx_word' id='word_1_126' title='bbox 967 2162 1176 2227; x_wconf 87' lang='lat' dir='ltr'>interdictum</span> <span class='ocrx_word' id='word_1_127' title='bbox 1198 2161 1330 2246; x_wconf 86' lang='lat' dir='ltr'>Angliae</span> 
     </span>
     <span class='ocr_line' id='line_1_18' title="bbox 276 2263 1333 2349; baseline -0.003 -20"><span class='ocrx_word' id='word_1_128' title='bbox 276 2277 342 2329; x_wconf 83' lang='lat' dir='ltr'>tam</span> <span class='ocrx_word' id='word_1_129' title='bbox 358 2266 560 2339; x_wconf 85' lang='lat' dir='ltr'>diuturnum,</span> <span class='ocrx_word' id='word_1_130' title='bbox 575 2263 662 2347; x_wconf 90' lang='lat' dir='ltr'>quod</span> <span class='ocrx_word' id='word_1_131' title='bbox 675 2263 744 2326; x_wconf 91' lang='lat' dir='ltr'>viro</span> <span class='ocrx_word' id='word_1_132' title='bbox 759 2263 887 2328; x_wconf 88' lang='lat' dir='ltr'>cuidam</span> <span class='ocrx_word' id='word_1_133' title='bbox 899 2263 985 2328; x_wconf 91' lang='lat' dir='ltr'>bono</span> <span class='ocrx_word' id='word_1_134' title='bbox 1000 2275 1033 2329; x_wconf 91' lang='lat' dir='ltr'>et</span> <span class='ocrx_word' id='word_1_135' title='bbox 1048 2265 1174 2349; x_wconf 90' lang='lat' dir='ltr'>copiose</span> <span class='ocrx_word' id='word_1_136' title='bbox 1189 2264 1333 2328; x_wconf 87' lang='lat' dir='ltr'>litterato</span> 
     </span>
     <span class='ocr_line' id='line_1_19' title="bbox 276 2364 1330 2448; baseline -0.004 -16"><span class='ocrx_word' id='word_1_137' title='bbox 276 2368 330 2432; x_wconf 93' lang='lat' dir='ltr'>cui</span> <span class='ocrx_word' id='word_1_138' title='bbox 346 2388 463 2430; x_wconf 89' lang='lat' dir='ltr'>nomen</span> <span class='ocrx_word' id='word_1_139' title='bbox 477 2364 668 2441; x_wconf 87' lang='lat' dir='ltr'>Mauricius,</span> <span class='ocrx_word' id='word_1_140' title='bbox 684 2364 742 2448; x_wconf 93' lang='lat' dir='ltr'>qui</span> <span class='ocrx_word' id='word_1_141' title='bbox 757 2373 790 2428; x_wconf 90' lang='lat' dir='ltr'>et</span> <span class='ocrx_word' id='word_1_142' title='bbox 803 2364 903 2429; x_wconf 86' lang='lat' dir='ltr'>frater</span> <span class='ocrx_word' id='word_1_143' title='bbox 915 2365 981 2429; x_wconf 86' lang='lat' dir='ltr'>fuit</span> <span class='ocrx_word' id='word_1_144' title='bbox 993 2367 1182 2431; x_wconf 86' lang='lat' dir='ltr'>venerabilis</span> <span class='ocrx_word' id='word_1_145' title='bbox 1204 2365 1330 2430; x_wconf 89' lang='lat' dir='ltr'>abbatis</span> 
     </span>
     <span class='ocr_line' id='line_1_20' title="bbox 276 2465 1328 2553; baseline -0.005 -19"><span class='ocrx_word' id='word_1_146' title='bbox 276 2469 316 2534; x_wconf 94' lang='lat' dir='ltr'>de</span> <span class='ocrx_word' id='word_1_147' title='bbox 329 2467 418 2532; x_wconf 88' lang='lat' dir='ltr'>Neth</span> <span class='ocrx_word' id='word_1_148' title='bbox 435 2465 620 2543; x_wconf 83' lang='lat' dir='ltr'>Clementis,</span> <span class='ocrx_word' id='word_1_149' title='bbox 636 2465 786 2550; x_wconf 89' lang='lat' dir='ltr'>apparuit</span> <span class='ocrx_word' id='word_1_150' title='bbox 798 2465 834 2529; x_wconf 94' lang='lat' dir='ltr'>in</span> <span class='ocrx_word' id='word_1_151' title='bbox 848 2467 919 2530; x_wconf 91' lang='lat' dir='ltr'>visu</span> <span class='ocrx_word' id='word_1_152' title='bbox 939 2489 1077 2552; x_wconf 86' lang='lat' dir='ltr'>persona</span> <span class='ocrx_word' id='word_1_153' title='bbox 1094 2467 1207 2532; x_wconf 89' lang='lat' dir='ltr'>militis</span> <span class='ocrx_word' id='word_1_154' title='bbox 1221 2469 1328 2553; x_wconf 86' lang='lat' dir='ltr'>cujus-</span> 
     </span>
     <span class='ocr_line' id='line_1_21' title="bbox 275 2567 1331 2655; baseline 0 -23"><span class='ocrx_word' id='word_1_155' title='bbox 275 2571 347 2634; x_wconf 88' lang='lat' dir='ltr'>dam</span> <span class='ocrx_word' id='word_1_156' title='bbox 371 2571 410 2633; x_wconf 90' lang='lat' dir='ltr'>de</span> <span class='ocrx_word' id='word_1_157' title='bbox 434 2569 579 2654; x_wconf 85' lang='lat' dir='ltr'>partibus</span> <span class='ocrx_word' id='word_1_158' title='bbox 594 2568 749 2652; x_wconf 88' lang='lat' dir='ltr'>ejusdem,</span> <span class='ocrx_word' id='word_1_159' title='bbox 770 2567 867 2654; x_wconf 85' lang='lat' dir='ltr'>longe</span> <span class='ocrx_word' id='word_1_160' title='bbox 886 2578 960 2632; x_wconf 88' lang='lat' dir='ltr'>ante</span> <span class='ocrx_word' id='word_1_161' title='bbox 984 2570 1139 2648; x_wconf 84' lang='lat' dir='ltr'>defuncti,</span> <span class='ocrx_word' id='word_1_162' title='bbox 1157 2572 1215 2655; x_wconf 91' lang='lat' dir='ltr'>qui</span> <span class='ocrx_word' id='word_1_163' title='bbox 1240 2581 1274 2634; x_wconf 90' lang='lat' dir='ltr'>et</span> <span class='ocrx_word' id='word_1_164' title='bbox 1296 2570 1331 2633; x_wconf 91' lang='lat' dir='ltr'>in</span> 
     </span>
     <span class='ocr_line' id='line_1_22' title="bbox 275 2669 1327 2757; baseline 0 -23"><span class='ocrx_word' id='word_1_165' title='bbox 275 2670 461 2757; x_wconf 87' lang='lat' dir='ltr'>hujusmodi</span> <span class='ocrx_word' id='word_1_166' title='bbox 468 2671 565 2735; x_wconf 86' lang='lat' dir='ltr'>verba</span> <span class='ocrx_word' id='word_1_167' title='bbox 572 2669 735 2753; x_wconf 89' lang='lat' dir='ltr'>prorupit:</span> <span class='ocrx_word' id='word_1_168' title='bbox 750 2669 937 2754; x_wconf 86' lang='lat' dir='ltr'>“Magister</span> <span class='ocrx_word' id='word_1_169' title='bbox 944 2669 1093 2748; x_wconf 91' lang='lat' dir='ltr'>Maurici,</span> <span class='ocrx_word' id='word_1_170' title='bbox 1104 2694 1232 2736; x_wconf 88' lang='lat' dir='ltr'>versum</span> <span class='ocrx_word' id='word_1_171' title='bbox 1240 2672 1327 2736; x_wconf 90' lang='lat' dir='ltr'>hunc</span> 
     </span>
    </p>
   </div>
   <div class='ocr_carea' id='block_1_3' title="bbox 171 2772 1329 2858">
    <p class='ocr_par' dir='ltr' id='par_1_3' title="bbox 171 2772 1329 2858">
     <span class='ocr_line' id='line_1_23' title="bbox 171 2772 1329 2858; baseline 0.004 -25"><span class='ocrx_word' id='word_1_172' title='bbox 171 2813 176 2833; x_wconf 72' lang='lat'><em>.</em></span> <span class='ocrx_word' id='word_1_173' title='bbox 275 2773 378 2850; x_wconf 87' lang='lat' dir='ltr'>finias,</span> <span class='ocrx_word' id='word_1_174' title='bbox 392 2774 545 2836; x_wconf 80' lang='lat' dir='ltr'>Destruet</span> <span class='ocrx_word' id='word_1_175' title='bbox 559 2772 615 2834; x_wconf 77' lang='lat' dir='ltr'>hoc</span> <span class='ocrx_word' id='word_1_176' title='bbox 628 2793 756 2854; x_wconf 73' lang='lat' dir='ltr'>reparent</span> <span class='ocrx_word' id='word_1_177' title='bbox 769 2773 844 2835; x_wconf 80' lang='lat' dir='ltr'>Rea</span> <span class='ocrx_word' id='word_1_178' title='bbox 857 2773 1107 2858; x_wconf 74' lang='lat' dir='ltr'>Repum”-Cui</span> <span class='ocrx_word' id='word_1_179' title='bbox 1120 2775 1175 2838; x_wconf 94' lang='lat' dir='ltr'>ille</span> <span class='ocrx_word' id='word_1_180' title='bbox 1197 2797 1329 2858; x_wconf 89' lang='lat' dir='ltr'>respon·</span> 
     </span>
    </p>
   </div>
   <div class='ocr_carea' id='block_1_4' title="bbox 275 2873 1333 3567">
    <p class='ocr_par' dir='ltr' id='par_1_4' title="bbox 275 2873 1333 3567">
     <span class='ocr_line' id='line_1_24' title="bbox 276 2873 1331 2964; baseline 0.002 -24"><span class='ocrx_word' id='word_1_181' title='bbox 276 2876 359 2940; x_wconf 89' lang='lat' dir='ltr'>disse</span> <span class='ocrx_word' id='word_1_182' title='bbox 378 2877 424 2939; x_wconf 89' lang='lat' dir='ltr'>sic</span> <span class='ocrx_word' id='word_1_183' title='bbox 437 2875 627 2940; x_wconf 83' lang='lat' dir='ltr'>ridebatur:</span> <span class='ocrx_word' id='word_1_184' title='bbox 646 2879 667 2909; x_wconf 89' lang='lat'><strong>“</strong></span> <span class='ocrx_word' id='word_1_185' title='bbox 682 2873 785 2938; x_wconf 92' lang='lat' dir='ltr'>Immo</span> <span class='ocrx_word' id='word_1_186' title='bbox 800 2885 834 2940; x_wconf 92' lang='lat' dir='ltr'>et</span> <span class='ocrx_word' id='word_1_187' title='bbox 857 2886 905 2954; x_wconf 89' lang='lat' dir='ltr'>tu,</span> <span class='ocrx_word' id='word_1_188' title='bbox 921 2877 979 2960; x_wconf 91' lang='lat' dir='ltr'>qui</span> <span class='ocrx_word' id='word_1_189' title='bbox 993 2900 1120 2942; x_wconf 83' lang='lat' dir='ltr'>versum</span> <span class='ocrx_word' id='word_1_190' title='bbox 1133 2878 1201 2942; x_wconf 82' lang='lat' dir='ltr'>fere</span> <span class='ocrx_word' id='word_1_191' title='bbox 1223 2878 1331 2964; x_wconf 89' lang='lat' dir='ltr'>perfe-</span> 
     </span>
     <span class='ocr_line' id='line_1_25' title="bbox 275 2975 1331 3062; baseline 0.002 -21"><span class='ocrx_word' id='word_1_192' title='bbox 275 2979 358 3055; x_wconf 86' lang='lat' dir='ltr'>cisti,</span> <span class='ocrx_word' id='word_1_193' title='bbox 373 2979 471 3040; x_wconf 88' lang='lat' dir='ltr'>finem</span> <span class='ocrx_word' id='word_1_194' title='bbox 485 2976 658 3062; x_wconf 89' lang='lat' dir='ltr'>apponas.&#39;&#39;</span> <span class='ocrx_word' id='word_1_195' title='bbox 702 2975 800 3041; x_wconf 89' lang='lat' dir='ltr'>Miles</span> <span class='ocrx_word' id='word_1_196' title='bbox 814 2977 900 3041; x_wconf 91' lang='lat' dir='ltr'>enim</span> <span class='ocrx_word' id='word_1_197' title='bbox 913 2977 968 3041; x_wconf 91' lang='lat' dir='ltr'>ille</span> <span class='ocrx_word' id='word_1_198' title='bbox 987 2978 1150 3042; x_wconf 90' lang='lat' dir='ltr'>litteratus</span> <span class='ocrx_word' id='word_1_199' title='bbox 1165 2979 1281 3057; x_wconf 87' lang='lat' dir='ltr'>fuerat,</span> <span class='ocrx_word' id='word_1_200' title='bbox 1298 2990 1331 3043; x_wconf 92' lang='lat' dir='ltr'>et</span> 
     </span>
     <span class='ocr_line' id='line_1_26' title="bbox 277 3077 1333 3166; baseline 0.005 -25"><span class='ocrx_word' id='word_1_201' title='bbox 277 3080 354 3142; x_wconf 89' lang='lat' dir='ltr'>dum</span> <span class='ocrx_word' id='word_1_202' title='bbox 368 3077 453 3142; x_wconf 86' lang='lat' dir='ltr'>vixit</span> <span class='ocrx_word' id='word_1_203' title='bbox 466 3078 590 3142; x_wconf 86' lang='lat' dir='ltr'>solebat</span> <span class='ocrx_word' id='word_1_204' title='bbox 604 3079 723 3162; x_wconf 84' lang='lat' dir='ltr'>saepius</span> <span class='ocrx_word' id='word_1_205' title='bbox 745 3079 876 3142; x_wconf 86' lang='lat' dir='ltr'>alternis</span> <span class='ocrx_word' id='word_1_206' title='bbox 889 3080 1045 3158; x_wconf 85' lang='lat' dir='ltr'>versibus,</span> <span class='ocrx_word' id='word_1_207' title='bbox 1061 3091 1095 3146; x_wconf 90' lang='lat' dir='ltr'>et</span> <span class='ocrx_word' id='word_1_208' title='bbox 1109 3104 1196 3146; x_wconf 92' lang='lat' dir='ltr'>nunc</span> <span class='ocrx_word' id='word_1_209' title='bbox 1217 3081 1333 3166; x_wconf 88' lang='lat' dir='ltr'>incipi-</span> 
     </span>
     <span class='ocr_line' id='line_1_27' title="bbox 277 3178 1333 3267; baseline 0.006 -26"><span class='ocrx_word' id='word_1_210' title='bbox 277 3180 360 3242; x_wconf 87' lang='lat' dir='ltr'>endo</span> <span class='ocrx_word' id='word_1_211' title='bbox 382 3201 468 3242; x_wconf 92' lang='lat' dir='ltr'>nunc</span> <span class='ocrx_word' id='word_1_212' title='bbox 490 3178 643 3255; x_wconf 86' lang='lat' dir='ltr'>finiendo,</span> <span class='ocrx_word' id='word_1_213' title='bbox 666 3179 776 3243; x_wconf 90' lang='lat' dir='ltr'>sociali</span> <span class='ocrx_word' id='word_1_214' title='bbox 799 3182 942 3264; x_wconf 80' lang='lat' dir='ltr'>quadam·</span> <span class='ocrx_word' id='word_1_215' title='bbox 960 3184 1155 3247; x_wconf 87' lang='lat' dir='ltr'>recreatione</span> <span class='ocrx_word' id='word_1_216' title='bbox 1177 3193 1333 3267; x_wconf 87' lang='lat' dir='ltr'>tanquam</span> 
     </span>
     <span class='ocr_line' id='line_1_28' title="bbox 277 3279 1326 3370; baseline 0.005 -27"><span class='ocrx_word' id='word_1_217' title='bbox 277 3279 479 3357; x_wconf 88' lang='lat' dir='ltr'>colludendo,</span> <span class='ocrx_word' id='word_1_218' title='bbox 503 3280 658 3344; x_wconf 86' lang='lat' dir='ltr'>conferre.</span> <span class='ocrx_word' id='word_1_219' title='bbox 704 3279 777 3344; x_wconf 94' lang='lat' dir='ltr'>Hoc</span> <span class='ocrx_word' id='word_1_220' title='bbox 798 3291 906 3346; x_wconf 89' lang='lat' dir='ltr'>autem</span> <span class='ocrx_word' id='word_1_221' title='bbox 929 3284 1027 3362; x_wconf 84' lang='lat' dir='ltr'>dicto,</span> <span class='ocrx_word' id='word_1_222' title='bbox 1048 3285 1140 3348; x_wconf 89' lang='lat' dir='ltr'>miles</span> <span class='ocrx_word' id='word_1_223' title='bbox 1166 3285 1326 3370; x_wconf 88' lang='lat' dir='ltr'>subjecit:</span> 
     </span>
     <span class='ocr_line' id='line_1_29' title="bbox 277 3381 1331 3469; baseline 0.001 -21"><span class='ocrx_word' id='word_1_224' title='bbox 277 3386 299 3418; x_wconf 91' lang='lat'><strong>“</strong></span> <span class='ocrx_word' id='word_1_225' title='bbox 310 3381 474 3448; x_wconf 86' lang='lat' dir='ltr'>Quoniam</span> <span class='ocrx_word' id='word_1_226' title='bbox 487 3381 587 3446; x_wconf 90' lang='lat' dir='ltr'>hebes</span> <span class='ocrx_word' id='word_1_227' title='bbox 609 3404 643 3445; x_wconf 91' lang='lat' dir='ltr'>es</span> <span class='ocrx_word' id='word_1_228' title='bbox 657 3382 732 3466; x_wconf 88' lang='lat' dir='ltr'>plus</span> <span class='ocrx_word' id='word_1_229' title='bbox 746 3383 840 3448; x_wconf 89' lang='lat' dir='ltr'>solito</span> <span class='ocrx_word' id='word_1_230' title='bbox 862 3385 1017 3469; x_wconf 88' lang='lat' dir='ltr'>senioque</span> <span class='ocrx_word' id='word_1_231' title='bbox 1032 3387 1207 3464; x_wconf 87' lang='lat' dir='ltr'>confectus,</span> <span class='ocrx_word' id='word_1_232' title='bbox 1222 3409 1331 3450; x_wconf 81' lang='lat' dir='ltr'>versus</span> 
     </span>
     <span class='ocr_line' id='line_1_30' title="bbox 277 3482 755 3567; baseline 0 -21"><span class='ocrx_word' id='word_1_233' title='bbox 277 3484 323 3546; x_wconf 84' lang='lat' dir='ltr'>sic</span> <span class='ocrx_word' id='word_1_234' title='bbox 336 3482 468 3546; x_wconf 78' lang='lat' dir='ltr'>finiatur</span> <span class='ocrx_word' id='word_1_235' title='bbox 486 3493 520 3546; x_wconf 88' lang='lat' dir='ltr'>et</span> <span class='ocrx_word' id='word_1_236' title='bbox 534 3483 721 3567; x_wconf 84' lang='lat' dir='ltr'>perficiatur</span> <span class='ocrx_word' id='word_1_237' title='bbox 737 3508 755 3548; x_wconf 77' lang='grc' dir='ltr'>ε,</span> 
     </span>
    </p>
   </div>
   <div class='ocr_carea' id='block_1_5' title="bbox 418 3616 1160 3691">
    <p class='ocr_par' dir='ltr' id='par_1_5' title="bbox 418 3616 1160 3691">
     <span class='ocr_line' id='line_1_31' title="bbox 418 3616 1160 3691; baseline 0.008 -23"><span class='ocrx_word' id='word_1_238' title='bbox 418 3616 565 3669; x_wconf 82' lang='lat' dir='ltr'>“Destruet</span> <span class='ocrx_word' id='word_1_239' title='bbox 576 3616 626 3669; x_wconf 91' lang='lat' dir='ltr'>hoc</span> <span class='ocrx_word' id='word_1_240' title='bbox 638 3633 743 3686; x_wconf 81' lang='lat' dir='ltr'>reguum</span> <span class='ocrx_word' id='word_1_241' title='bbox 758 3617 816 3670; x_wconf 82' lang='lat' dir='ltr'>Rex</span> <span class='ocrx_word' id='word_1_242' title='bbox 829 3617 930 3688; x_wconf 83' lang='lat' dir='ltr'>Regum</span> <span class='ocrx_word' id='word_1_243' title='bbox 944 3619 1046 3690; x_wconf 89' lang='lat' dir='ltr'>duplice</span> <span class='ocrx_word' id='word_1_244' title='bbox 1058 3621 1160 3691; x_wconf 83' lang='lat' dir='ltr'>plaga.’&#39;</span> 
     </span>
    </p>
   </div>
   <div class='ocr_carea' id='block_1_6' title="bbox 278 3761 1333 4354">
    <p class='ocr_par' dir='ltr' id='par_1_6' title="bbox 278 3761 1333 4354">
     <span class='ocr_line' id='line_1_32' title="bbox 323 3761 1331 3852; baseline 0.007 -28"><span class='ocrx_word' id='word_1_245' title='bbox 323 3761 389 3826; x_wconf 87' lang='lat' dir='ltr'>Sed</span> <span class='ocrx_word' id='word_1_246' title='bbox 403 3783 475 3826; x_wconf 91' lang='lat' dir='ltr'>ecce</span> <span class='ocrx_word' id='word_1_247' title='bbox 489 3783 586 3846; x_wconf 87' lang='lat' dir='ltr'>quam</span> <span class='ocrx_word' id='word_1_248' title='bbox 600 3761 681 3824; x_wconf 89' lang='lat' dir='ltr'>mira</span> <span class='ocrx_word' id='word_1_249' title='bbox 695 3782 751 3844; x_wconf 85' lang='lat' dir='ltr'>per</span> <span class='ocrx_word' id='word_1_250' title='bbox 763 3762 918 3826; x_wconf 90' lang='lat' dir='ltr'>visionem</span> <span class='ocrx_word' id='word_1_251' title='bbox 928 3763 1022 3827; x_wconf 90' lang='lat' dir='ltr'>istam</span> <span class='ocrx_word' id='word_1_252' title='bbox 1032 3765 1151 3830; x_wconf 86' lang='lat' dir='ltr'>factam</span> <span class='ocrx_word' id='word_1_253' title='bbox 1165 3767 1331 3852; x_wconf 88' lang='lat' dir='ltr'>sequentis</span> 
     </span>
     <span class='ocr_line' id='line_1_33' title="bbox 279 3861 1330 3952; baseline 0.006 -26"><span class='ocrx_word' id='word_1_254' title='bbox 279 3870 414 3927; x_wconf 89' lang='lat' dir='ltr'>eventus</span> <span class='ocrx_word' id='word_1_255' title='bbox 438 3862 622 3946; x_wconf 77' lang='lat' dir='ltr'>praenuntia</span> <span class='ocrx_word' id='word_1_256' title='bbox 649 3861 724 3924; x_wconf 83' lang='lat' dir='ltr'>fuit.</span> <span class='ocrx_word' id='word_1_257' title='bbox 770 3861 873 3926; x_wconf 85' lang='lat' dir='ltr'>Parvo</span> <span class='ocrx_word' id='word_1_258' title='bbox 887 3886 1026 3947; x_wconf 88' lang='lat' dir='ltr'>namque</span> <span class='ocrx_word' id='word_1_259' title='bbox 1048 3876 1158 3930; x_wconf 89' lang='lat' dir='ltr'>secuto</span> <span class='ocrx_word' id='word_1_260' title='bbox 1174 3877 1330 3952; x_wconf 83' lang='lat' dir='ltr'>tempore,</span> 
     </span>
     <span class='ocr_line' id='line_1_34' title="bbox 278 3962 1331 4055; baseline 0.007 -28"><span class='ocrx_word' id='word_1_261' title='bbox 278 3964 485 4028; x_wconf 89' lang='lat' dir='ltr'>interdictum</span> <span class='ocrx_word' id='word_1_262' title='bbox 508 3973 573 4027; x_wconf 91' lang='lat' dir='ltr'>tam</span> <span class='ocrx_word' id='word_1_263' title='bbox 596 3962 743 4046; x_wconf 86' lang='lat' dir='ltr'>generale</span> <span class='ocrx_word' id='word_1_264' title='bbox 767 3974 801 4027; x_wconf 89' lang='lat' dir='ltr'>et</span> <span class='ocrx_word' id='word_1_265' title='bbox 824 3977 890 4028; x_wconf 91' lang='lat' dir='ltr'>tam</span> <span class='ocrx_word' id='word_1_266' title='bbox 913 3967 1044 4031; x_wconf 88' lang='lat' dir='ltr'>exitiale</span> <span class='ocrx_word' id='word_1_267' title='bbox 1067 3978 1173 4033; x_wconf 90' lang='lat' dir='ltr'>totum</span> <span class='ocrx_word' id='word_1_268' title='bbox 1200 3970 1331 4055; x_wconf 85' lang='lat' dir='ltr'>Angliae</span> 
     </span>
     <span class='ocr_line' id='line_1_35' title="bbox 280 4063 1332 4158; baseline 0.008 -30"><span class='ocrx_word' id='word_1_269' title='bbox 280 4088 416 4149; x_wconf 78' lang='lat' dir='ltr'>regnum</span> <span class='ocrx_word' id='word_1_270' title='bbox 440 4063 682 4150; x_wconf 86' lang='lat' dir='ltr'>incomparabili</span> <span class='ocrx_word' id='word_1_271' title='bbox 704 4087 843 4129; x_wconf 88' lang='lat' dir='ltr'>moerore</span> <span class='ocrx_word' id='word_1_272' title='bbox 872 4068 1081 4148; x_wconf 87' lang='lat' dir='ltr'>contristavit,</span> <span class='ocrx_word' id='word_1_273' title='bbox 1105 4071 1332 4158; x_wconf 89' lang='lat' dir='ltr'>duplicemque</span> 
     </span>
     <span class='ocr_line' id='line_1_36' title="bbox 282 4165 1333 4250; baseline 0.01 -22"><span class='ocrx_word' id='word_1_274' title='bbox 282 4165 512 4250; x_wconf 87' lang='lat' dir='ltr'>persecutionis</span> <span class='ocrx_word' id='word_1_275' title='bbox 554 4165 691 4250; x_wconf 86' lang='lat' dir='ltr'>plagam,</span> <span class='ocrx_word' id='word_1_276' title='bbox 723 4175 789 4229; x_wconf 93' lang='lat' dir='ltr'>tam</span> <span class='ocrx_word' id='word_1_277' title='bbox 822 4166 1003 4232; x_wconf 89' lang='lat' dir='ltr'>divinorum</span> <span class='ocrx_word' id='word_1_278' title='bbox 1032 4194 1076 4235; x_wconf 84' lang='lat' dir='ltr'>sc.</span> <span class='ocrx_word' id='word_1_279' title='bbox 1105 4173 1333 4237; x_wconf 85' lang='lat' dir='ltr'>subtractionis</span> 
     </span>
     <span class='ocr_line' id='line_1_37' title="bbox 282 4269 1333 4354; baseline 0.009 -22"><span class='ocrx_word' id='word_1_280' title='bbox 282 4290 379 4352; x_wconf 89' lang='lat' dir='ltr'>quam</span> <span class='ocrx_word' id='word_1_281' title='bbox 398 4270 556 4333; x_wconf 91' lang='lat' dir='ltr'>bonorum</span> <span class='ocrx_word' id='word_1_282' title='bbox 577 4269 612 4332; x_wconf 92' lang='lat' dir='ltr'>in</span> <span class='ocrx_word' id='word_1_283' title='bbox 634 4269 719 4333; x_wconf 88' lang='lat' dir='ltr'>clero</span> <span class='ocrx_word' id='word_1_284' title='bbox 741 4270 949 4354; x_wconf 89' lang='lat' dir='ltr'>spoliationis,</span> <span class='ocrx_word' id='word_1_285' title='bbox 972 4274 1116 4341; x_wconf 87' lang='lat' dir='ltr'>incussit.</span> <span class='ocrx_word' id='word_1_286' title='bbox 1162 4277 1277 4343; x_wconf 89' lang='lat' dir='ltr'>Potuit</span> <span class='ocrx_word' id='word_1_287' title='bbox 1299 4287 1333 4342; x_wconf 90' lang='lat' dir='ltr'>et</span> 
     </span>
    </p>
   </div>
   <div class='ocr_carea' id='block_1_7' title="bbox 0 0 1504 5040">
    <p class='ocr_par' dir='ltr' id='par_1_7' title="bbox 0 0 1504 5040">
     <span class='ocr_line' id='line_1_38' title="bbox 0 0 1504 5040; baseline 0 0"><span class='ocrx_word' id='word_1_288' title='bbox 0 0 1504 5040; x_wconf 95' lang='lat' dir='ltr'> </span> 
     </span>
    </p>
   </div>
  </div>
 </body>
</html>
