3000 5040
279 492 342 553 150
549 506 551 509 ’
587 500 770 552 olannnus
795 499 1020 552 onnnnssnsls

278 649 452 716 debuisset.
497 647 575 716 Quo
607 648 684 711 licet
709 648 806 725 facto,
833 647 974 729 fictoque
1000 645 1100 728 magis
1125 664 1222 728 quam
1245 643 1332 705 facto

279 751 388 815 osculo
418 750 503 827 dato,
536 749 596 813 hoc
626 749 743 813 Comes
778 749 813 812 iu
842 748 982 812 discessu
1008 747 1140 808 verbum
1175 768 1193 807 a
1228 757 1331 827 patre,

279 873 464 938 quanquam
493 850 629 914 demissa
654 873 731 913 voce
759 849 930 933 prolatum,
960 847 1097 910 audivit:
1122 846 1332 929 “Nunquam

279 975 331 1016 me
357 950 517 1015 Dominus
541 950 624 1014 mori
649 950 827 1035 permittat,
855 950 955 1012 donec
981 948 1109 1032 dignam
1134 947 1213 1010 mihi
1233 947 1272 1010 de
1300 957 1332 1009 te

279 1053 453 1118 vindictam
482 1050 676 1135 accepero!’'
720 1050 767 1114 Et
795 1048 840 1113 sic
876 1071 896 1112 a
930 1059 1032 1112 castro
1070 1049 1184 1112 Comes
1221 1048 1333 1111 exiens

280 1154 477 1237 modumque
492 1151 672 1216 concordiae
698 1151 783 1214 inter
808 1152 915 1235 ipsum
939 1161 973 1213 et
996 1161 1121 1234 patrem
1134 1149 1275 1212 referens
1297 1171 1333 1211 ac

275 1257 378 1320 >verba
409 1253 587 1338 sequentia,
603 1253 755 1338 grandem
769 1253 964 1316 Francorum
980 1251 1065 1336 Regi
1090 1262 1124 1316 et
1149 1250 1249 1314 curiae
1272 1250 1334 1314 toti

281 1357 381 1420 risum
395 1356 515 1439 pariter
530 1363 564 1418 et
578 1354 820 1417 admirationem
835 1353 1000 1417 excitavit.

326 1455 389 1522 His
417 1455 518 1540 igitur
546 1455 581 1518 in
609 1454 695 1518 hunc
723 1454 854 1518 modum
893 1455 1015 1518 exactis
1049 1454 1090 1517 ad
1130 1452 1333 1516 Chinonense

283 1567 422 1622 castrum
441 1579 475 1620 se
490 1555 568 1621 Rex
591 1556 708 1621 deferri
722 1555 818 1632 fecit3
845 1555 903 1618 ubi
925 1555 1137 1618 invalescente
1151 1555 1334 1617 valetudine

282 1659 364 1723 feria
389 1657 512 1742 quinta,
537 1666 571 1720 et
593 1679 612 1721 a
635 1679 700 1741 quo
725 1656 879 1720 decubuit
901 1656 956 1741 vij.
980 1657 1032 1720 die
1054 1656 1212 1731 videlicet,
1237 1678 1334 1739 quem

282 1759 407 1844 physici
422 1759 568 1822 criticum
580 1769 704 1833 vocant,
714 1757 853 1822 letaliter
868 1768 1044 1842 correptae,
1056 1756 1127 1820 haec
1138 1757 1335 1840 ingeminan-

284 1861 325 1924 do
333 1861 431 1924 immo
443 1860 686 1943 multiplicando
699 1861 804 1936 verba,
817 1882 891 1944 quae
905 1860 944 1922 de
958 1858 1092 1942 reliquis
1105 1858 1334 1942 cogitationum

284 1961 485 2025 vehementia
511 1971 575 2024 tam
599 1960 704 2024 morbi
728 1982 825 2044 quam
850 1961 968 2024 doloris
992 1961 1111 2045 pariter
1134 1971 1168 2023 et
1190 1961 1335 2043 indigna·

284 2061 382 2125 tionis
407 2061 554 2138 extorsit,
578 2060 742 2146 (quoniam
773 2085 816 2126 ex
842 2062 1038 2126 abundantia
1065 2062 1167 2124 cordis
1189 2084 1224 2124 os
1245 2062 1336 2144 loqui

284 2164 389 2246 solet)
403 2162 489 2226 Proh
505 2164 611 2247 pudor
624 2163 662 2226 de
677 2165 765 2246 Repe
775 2165 857 2227 uicto
866 2169 881 2228 l
893 2165 975 2248 prola
992 2164 1120 2247 pudor!
1134 2163 1167 2225 in
1182 2163 1336 2226 extremis

283 2264 452 2330 laboravit.
497 2264 544 2329 Et
572 2265 617 2330 sic
647 2265 775 2328 demum
804 2265 890 2328 inter
926 2287 1119 2330 aerumnosas
1153 2264 1336 2348 hujusmodi

284 2388 386 2442 voces,
413 2366 551 2450 propriae
577 2387 684 2450 praeco
710 2365 917 2443 confusionis,
943 2366 1112 2450 expiravit,
1137 2366 1336 2449 obrutusque

285 2467 385 2550 magis
406 2477 440 2530 et
461 2489 631 2551 oppressus
653 2488 747 2549 quam
771 2467 910 2530 naturali
931 2479 1034 2531 morte
1049 2467 1159 2530 finitus
1175 2468 1335 2530 occubuit.

286 2568 342 2631 Ex
358 2590 422 2650 quo
436 2578 526 2651 patet
541 2567 628 2652 quod
644 2578 765 2650 quanto
783 2565 883 2652 [quis]
905 2569 1052 2632 secundis
1072 2570 1168 2632 altius
1183 2569 1336 2644 elevatur,

286 2679 376 2732 tanto
400 2669 612 2753 impetuosius
636 2669 676 2732 ad
702 2669 803 2732 imum
820 2669 1021 2747 demittitur,
1047 2681 1233 2753 quantoque
1247 2693 1338 2733 arcus

286 2771 386 2853 magis
414 2781 500 2834 retro
526 2781 687 2847 curvatur,
711 2781 802 2834 tanto
829 2772 944 2855 sagitta
975 2772 1089 2835 fortius
1115 2773 1150 2835 in
1178 2771 1337 2835 anteriora

285 2871 488 2956 propellitur.
510 2857 512 2862 Α
533 2870 630 2934 Unde
650 2871 684 2933 iu
699 2871 783 2934 libro
798 2870 928 2956 Regum
952 2872 1095 2936 invenies
1114 2885 1179 2936 eta
1195 2873 1336 2936 Domino

287 2972 429 3036 dictum:
469 2972 653 3056 Quicunque
684 2973 914 3056 glorificaverit
946 2996 1003 3051 me,
1039 2975 1220 3059 purificabo
1258 2997 1336 3037 eum.

291 3071 356 3141 Qut
381 3082 483 3136 autem
498 3081 755 3151 coatemueatme,
771 3084 861 3137 eruut
875 3077 1033 3159 ignobiles.
1078 3076 1164 3140 Item
1179 3086 1212 3140 et
1226 3076 1339 3139 Eccle-

287 3174 432 3250 siastic03
456 3175 603 3237 Facleute‘
625 3177 843 3258 nequissimum
866 3177 1037 3256 consilium,
1056 3201 1151 3262 super
1172 3178 1263 3240 illum
1286 3178 1339 3240 de-

287 3275 435 3352 volvetur,
452 3283 483 3338 et
502 3297 562 3337 uou
577 3284 720 3357 agnoscet
733 3276 815 3338 uude
828 3279 931 3340 ueniet
952 3279 1014 3341 illi.
1059 3280 1106 3343 Et
1127 3279 1225 3364 paulo
1246 3289 1336 3362 post:

287 3376 417 3459 Laqueo
422 3376 581 3459 peribunt,
594 3376 787 3439 oblectantur
796 3379 1042 3461 casujurtorum,
1052 3380 1139 3443 dolor
1154 3389 1257 3443 autem
1267 3403 1341 3444 eou-

280 3485 387 3549 ,sumet
408 3477 479 3540 illos
500 3484 667 3560 autequam
688 3480 871 3542 moriautur.
928 3480 1117 3545 Notandum
1138 3481 1199 3545 hoc
1218 3492 1338 3557 autem,

288 3579 377 3664 quod
405 3600 590 3663 quanquam
619 3579 742 3644 ultione
772 3581 879 3645 divina
905 3582 941 3645 in
968 3584 1069 3668 patris
1091 3585 1267 3668 pcmiciem
1293 3585 1340 3647 ita
1416 3659 1418 3662 Ι

287 3680 346 3742 filii
367 3680 567 3757 desaevirent,
582 3689 689 3744 tamen
704 3682 816 3745 eodem
838 3683 944 3747 ultore
969 3686 1027 3767 qui
1051 3709 1110 3749 nec
1124 3687 1247 3750 bonum
1261 3686 1339 3748 irre-

286 3792 500 3858 muneratum,
515 3804 574 3844 nec
588 3783 708 3846 malum
722 3783 878 3867 relinquit
891 3785 1089 3870 inpunitum,
1104 3787 1229 3871 privata
1251 3798 1339 3872 post-

284 3883 416 3944 modum
438 3883 612 3945 eorundem
633 3883 779 3946 voluntas
802 3896 850 3948 est
871 3887 996 3970 punita.
1041 3887 1145 3951 Juxta
1166 3889 1266 3952 illud:
1290 3889 1340 3950 Et

286 3984 395 4046 reddet
410 3984 461 4046 aa·
478 3983 682 4047 hereditatem
699 3985 845 4067 ipsorum,
862 3987 896 4048 ia
915 3987 1042 4051 malitia
1065 4011 1167 4051 eorum
1183 3990 1342 4074 disperdet

286 4105 345 4160 eos,
361 4084 519 4167 disperdet
541 4085 611 4147 illos
632 4087 785 4149 Dominus
804 4089 892 4150 Deus
911 4099 1022 4152 aester.
1068 4090 1187 4154 Divina
1201 4112 1340 4173 namque

285 4184 430 4248 voluntas
445 4208 502 4268 per
517 4185 614 4248 malas
629 4185 791 4249 interdrun
806 4187 972 4252 hominum
982 4191 1162 4255 voluntates
1177 4192 1339 4276 impletur.

284 4284 373 4350 Quia
388 4286 472 4348 sicut
487 4285 659 4368 aliquando
682 4289 766 4352 bona
790 4289 955 4355 voluntate
976 4293 1131 4377 adimplet
1145 4293 1242 4357 homo
1266 4314 1340 4376 quae
