3000 5040
280 469 344 534 140¹
594 488 776 539 GIRALDUS
801 488 1028 538 cuuunuusrs

278 657 344 718 quo
358 637 478 720 majora
500 637 637 700 adhibeo
651 637 798 720 flagella!
808 638 825 663 ”
868 639 915 701 Et
929 639 991 702 alia
1005 641 1148 724 ejusdem
1171 641 1337 724 expositio

277 761 374 822 super
389 741 526 803 eundem
538 741 663 804 locum:
688 745 709 775 “
723 741 812 807 Quia
825 741 945 805 frustra
958 743 1101 826 percussi
1111 766 1177 819 vos,
1193 741 1335 826 discipli·

276 863 351 903 nam
363 864 430 904 non
443 842 619 927 recepistis.
666 841 768 905 Zelus
790 866 881 906 meus
902 845 1025 908 recedit
1047 845 1181 921 avobis‚
1196 866 1262 907 non
1285 856 1336 908 est

236 1007 237 1010 ,
275 944 513 1008 firmamentum
535 945 570 1008 in
584 946 678 1029 plaga
701 946 843 1009 eorum.’'
887 946 972 1010 Item
997 958 1031 1010 et
1052 948 1134 1010 illud
1158 948 1333 1012 Jeremiae:

277 1051 297 1082 ‘⁸
310 1045 459 1109 Percussi
470 1069 524 1109 eos
533 1058 567 1110 et
577 1070 643 1110 non
653 1047 857 1112 doluerunt.”
879 1048 1016 1112 Etillud
1028 1048 1223 1133 Hieronymi
1238 1073 1334 1133 super

275 1147 361 1210 huuc
390 1148 496 1210 locum
526 1148 638 1225 AmoS,
669 1148 787 1212 “Dedi
813 1149 903 1212 vobis
932 1161 1097 1233 stuporem
1125 1151 1273 1233 gentium
1299 1151 1334 1214 in

277 1250 401 1314 cunctis
423 1249 559 1313 urbibus
579 1249 702 1325 vestris,
727 1259 760 1312 et
783 1249 963 1333 indigentia
988 1273 1108 1336 panum
1123 1251 1158 1313 in
1185 1253 1337 1316 omnibus

275 1353 353 1416 loeis
371 1352 495 1428 vestris,
516 1361 551 1414 et
571 1373 636 1414 non
657 1352 733 1415 estis
758 1353 877 1416 reversi
899 1353 940 1416 ad
962 1376 1025 1429 me,
1039 1353 1118 1416 dicit
1141 1353 1333 1418 Dominus.”

277 1455 395 1518 Glosa:
414 1451 496 1516 “Et
518 1475 593 1516 cum
614 1454 685 1516 haec
701 1455 808 1517 omnia
825 1477 889 1517 non
908 1477 968 1538 pro
983 1454 1183 1532 crudelitate,
1205 1456 1261 1519 sed
1274 1479 1334 1541 pro

276 1556 472 1619 correctione
486 1566 592 1618 vestra
605 1554 756 1632 facerem,
770 1566 842 1618 tum
856 1579 921 1619 non
938 1557 1015 1620 estis
1038 1557 1187 1621 correcti.
1232 1557 1335 1621 Juxta

276 1657 358 1720 illud
371 1658 539 1721 Jeremiae:
566 1657 718 1721 ‘Frustra
733 1659 876 1742 percussi
885 1658 970 1721 filios
985 1668 1117 1736 vestros,
1133 1658 1334 1744 disciplinam
1430 1728 1435 1740 ¹

276 1782 341 1822 non
355 1759 567 1843 receperunt’
577 1758 594 1784 ”

696 1965 778 2029 Cur.
796 1965 914 2030 XXV.

274 2115 327 2175 De
342 2115 416 2176 urbe
434 2115 605 2178 Turonensi
620 2138 640 2178 o
655 2117 791 2178 Francis
815 2127 979 2200 occupata,
992 2126 1024 2178 et
1035 2117 1124 2202 Repe
1137 2117 1275 2182 Hearico
1297 2121 1332 2181 in

318 2217 466 2300 oppidulo
477 2218 515 2280 dc
525 2217 589 2280 Aa·
600 2218 751 2295 concluso,
762 2228 793 2281 et
799 2219 1015 2301 pernitionem
1025 2229 1057 2282 et
1066 2222 1330 2305 quacifallaciam

251 2317 253 2321 ’
318 2318 469 2382 dicicitur
483 2319 590 2383 datam
606 2329 756 2404 tanquam
771 2321 815 2382 ad
828 2320 1014 2384 deditionem
1028 2323 1205 2419 compulso}

113 2482 286 2573 Hemfflut'
321 2469 499 2536 Cnssxurn
527 2495 603 2536 vero
629 2474 759 2536 demum
786 2473 1049 2556 persequentium
1087 2473 1240 2537 instantia
1274 2498 1333 2559 per

112 2546 252 2635 immid·
278 2572 413 2637 Comitis
428 2574 637 2638 Pictaviensis
658 2597 776 2652 casum,
793 2597 879 2658 equo
903 2574 1047 2658 ejusdem
1069 2573 1201 2637 militari
1222 2575 1332 2640 lancea

111 2633 430 2759 liidm'perfosso,
454 2675 530 2739 Rex
557 2687 651 2741 nocte
676 2678 787 2740 eadem
811 2699 844 2740 se
870 2676 958 2760 apud
979 2675 1142 2739 Freuellas
1166 2678 1332 2762 suscepit‚²

277 2789 311 2839 et
335 2799 427 2840 mane
453 2775 674 2860 Andegaviam
701 2778 776 2841 inde
802 2777 959 2842 transivit.
1017 2775 1194 2841 Exercitus
1222 2790 1331 2842 autem

275 2879 435 2956 adversus,
478 2880 695 2944 Cenomannia
732 2881 875 2956 subacta,
917 2877 1025 2942 statim
1064 2878 1240 2943 Turoniam
1276 2905 1332 2966 ag-

275 2981 431 3062 greditur,
447 2992 481 3044 et
506 2982 648 3045 nobilem
676 2983 791 3045 urbem
806 2981 957 3057 Turonis,
977 2991 1131 3063 tanquam
1152 2981 1188 3044 in
1206 2983 1332 3066 impetu

275 3081 394 3144 furoris
415 3083 578 3147 fortunam
601 3106 719 3166 urgens
752 3094 785 3146 et
818 3082 1015 3147 successibus
1043 3083 1177 3161 instans,
1204 3086 1332 3149 armatis

275 3183 362 3245 illico
376 3182 498 3246 viribus
514 3183 723 3268 expugnavit.

319 3283 383 3346 His
410 3284 522 3368 itaque
548 3284 727 3369 completis,
757 3293 887 3368 sumpto
916 3283 1001 3347 inter
1032 3283 1141 3367 Reges
1170 3285 1332 3372 colloquio

276 3407 340 3447 non
361 3385 473 3470 procul
496 3386 535 3448 ab
562 3384 718 3468 oppidulo
734 3383 899 3460 Turoniae,
923 3383 975 3447 cui
997 3406 1114 3446 nomen
1141 3398 1210 3450 erat
1235 3389 1331 3466 Arai,

275 3487 357 3551 feria
370 3489 412 3572 vj.
430 3487 507 3550 Rex
529 3486 722 3570 Anglorum,
744 3487 856 3549 eodem
879 3507 944 3568 quo
964 3486 1133 3548 convenire
1156 3487 1334 3553 debuerant

277 3589 328 3653 die
354 3589 441 3673 apud
456 3589 551 3667 Azai,
575 3588 738 3652 lethaliter
760 3599 856 3651 acuta
874 3587 958 3650 febri
984 3598 1151 3673 correptus
1173 3591 1334 3654 accubuit.

277 3692 472 3755 Francorum
488 3701 596 3754 autem
612 3691 689 3754 Rex
704 3701 738 3754 et
754 3689 869 3753 Comes
885 3688 1039 3752 Pictaviae
1055 3689 1131 3752 huic
1154 3690 1336 3754 infirmitati

277 3793 374 3855 fidem
393 3814 458 3855 non
481 3792 646 3869 habentes,
663 3792 841 3876 quinimmo
856 3791 965 3854 fictam
987 3791 1096 3875 potius
1122 3814 1179 3853 seu
1202 3791 1335 3856 frustra—

278 3893 402 3969 toriam,
437 3893 532 3956 solito
562 3892 707 3977 ejusdem
736 3893 776 3953 de
805 3913 905 3967 more,
930 3901 1096 3974 putantes,
1123 3892 1158 3954 in
1195 3894 1333 3957 crastino

278 3994 433 4080 oppidum
463 3994 654 4078 praedictum
683 3993 806 4058 viribus
835 3992 1000 4056 immensis
1029 3992 1175 4076 undique
1205 3995 1333 4058 conclu«

315 4176 399 4230 'The
422 4175 574 4229 transcribet
597 4176 644 4228 has
673 4175 781 4228 omitted
803 4176 809 4274 Ι
832 4174 859 4229 S.
868 4173 994 4228 lobannis
1007 4175 1161 4247 Baptistas.''
1186 4176 1333 4247 (lunens)

280 4246 325 4298 the
337 4245 430 4298 rubrio.
549 4277 552 4282 -
833 4242 962 4314 Bouquet.

315 4315 325 4344 ²
343 4317 359 4348 ‘⁴
369 4332 421 4368 no.
436 4317 511 4380 1189,
526 4313 612 4384 vigilia
631 4313 783 4367 Nativitatis
805 4275 811 4374 l
942 4361 944 4366 .
