3000 5040
223 456 264 517 10
561 470 748 520 PRAEFATIO
776 471 953 521 SECUNDA.

227 619 348 683 dissent
376 619 587 695 intellectum,
618 628 724 682 totum
753 618 885 682 accessit
913 619 953 682 ad
982 617 1158 695 victoriam,
1181 629 1286 684 totum

226 720 266 784 ad
294 720 429 803 gloriam
463 731 497 784 et
526 721 696 785 obstinatae
730 719 847 784 mentis
880 719 1103 803 arrogantiam,
1134 730 1286 804 tanquam

225 844 388 886 successus
412 824 446 886 in
474 844 512 885 eo
535 823 726 886 contendere
749 821 933 886 viderentur
959 831 993 884 et
1015 843 1175 886 excessus.
1220 821 1285 885 Sed

226 923 417 1007 longanimis
432 932 621 1008 expectator
636 923 798 988 Dominus
818 933 852 986 et
865 923 1008 1007 prudens
1029 944 1065 986 ac
1080 932 1195 1007 potens
1211 923 1285 987 uni·

223 1046 388 1089 versorum
416 1025 608 1102 moderator,
634 1024 736 1089 veluti
765 1033 857 1110 pater
882 1023 990 1101 filios,.
1003 1023 1057 1108 pie
1086 1023 1220 1089 saeviens
1247 1024 1283 1088 in

222 1147 388 1210 perversos
409 1148 496 1190 nunc
517 1125 663 1210 flagellis¹
680 1135 780 1190 terret
794 1135 828 1189 et
842 1125 995 1209 castigat3
1018 1147 1103 1189 nunc
1117 1124 1282 1189 beneficiis

223 1227 352 1312 mitigat
375 1238 408 1292 et
430 1227 601 1305 demulcet,
626 1238 664 1292 ut
686 1237 720 1291 et
741 1227 782 1290 ab
807 1226 920 1290 erratis
945 1225 1083 1289 formido
1110 1226 1280 1306 deterreat,

223 1338 257 1392 et
282 1327 322 1413 ad
351 1328 595 1413 obsequendum
624 1328 818 1412 virtutisque
845 1327 979 1412 praemia
1008 1327 1208 1410 sequendum
1231 1328 1280 1392 vis

222 1429 401 1495 dilectionis
418 1431 544 1495 invitet.
589 1429 682 1494 Facit
696 1451 772 1512 ergo
794 1429 891 1513 longa
912 1429 1095 1513 expectatio
1116 1429 1279 1515 longaque

219 1531 370 1598 vindictae
392 1532 515 1608 dilatio,
530 1542 570 1596 ut
588 1531 729 1615 benigna
751 1530 816 1594 Dei
840 1531 999 1615 patientia
1019 1530 1278 1614 delinquentium

220 1634 320 1718 magis
343 1633 581 1698 conversionem
600 1641 752 1715 appetere
777 1653 874 1715 quam
896 1632 1092 1696 eversionem
1114 1631 1278 1696 evidenter

219 1744 381 1819 appareat.
426 1734 520 1797 Facit
534 1732 631 1797 ctiam
652 1743 692 1797 nt
709 1743 784 1818 post
805 1743 928 1797 tantam
950 1733 1151 1798 tolerantiam
1170 1733 1206 1797 in
1226 1756 1277 1797 re·

219 1836 336 1920 probos
359 1845 393 1898 et
406 1856 581 1920 perversos,
596 1855 655 1897 nec
677 1833 838 1911 inmerito,
859 1832 969 1898 durior
987 1834 1058 1898 fieri
1076 1834 1190 1900 debeat
1209 1835 1276 1898 ani·

217 1936 331 2001 versio.

262 2039 302 2102 In
324 2037 383 2102 hac
398 2059 474 2121 ergo
489 2036 629 2101 secunda
643 2036 747 2120 operis
768 2036 867 2122 hujus
889 2036 1047 2122 particula
1061 2037 1183 2122 ubique
1204 2037 1273 2104 fere

216 2139 406 2224 patientiam
416 2162 429 2223 J
434 2139 499 2203 usti
507 2138 529 2202 J
530 2139 633 2202 udicis
646 2137 790 2202 invenies
802 2149 836 2203 et
846 2139 1094 2203 misericordiam
1106 2166 1114 2218 3
1130 2141 1165 2204 in
1178 2140 1274 2206 tertia

216 2263 292 2318 yero
306 2256 341 2305 et
354 2240 469 2305 ultima
483 2240 579 2326 plena
589 2238 714 2326 judicio
726 2251 825 2324 atque
837 2240 966 2324 justitia
980 2251 1096 2306 cuncta
1106 2242 1258 2326 reperies.

631 2415 640 2447 ¹
659 2413 778 2484 artatas
791 2412 850 2468 Ma.

550 2628 711 2672 EXPLICIT
736 2628 927 2672 PRAEFATIO.
