3000 5040
267 468 309 539 78
580 489 763 540 GIRALDUS
788 489 1015 539 crunamsrs

262 638 396 722 gloriam
420 647 590 723 utramque
609 649 674 702 tarn
698 649 856 704 terrenam
879 662 977 724 quam
1004 649 1156 703 aeternam
1180 641 1320 705 feliciter

263 740 475 818 militasset.]¹
520 741 588 804 Res
603 741 723 814 etenim
736 741 970 826 regiae'semper
983 741 1139 805 hactenus
1151 743 1192 806 ad
1206 743 1318 825 gloriae

263 842 429 906 cumulum
462 842 615 907 continuo
652 842 849 906 incremento
881 851 1020 919 stetere3
1061 842 1176 906 abhinc
1209 854 1318 907 autem

262 945 383 1008 variata
404 944 534 1008 fortuna
558 945 714 1028 paulatim
739 944 884 1028 relapsae,
911 943 1015 1008 multa
1041 953 1162 1028 praeter
1186 945 1318 1009 solitum

263 1045 449 1109 detrimenti
464 1047 577 1109 damna
592 1065 729 1110 sensere.
750 1127 754 1133 ι

306 1142 525 1231 Spectandum
553 1147 673 1231 quippe
703 1157 752 1210 est
778 1147 848 1211 viro
884 1144 1037 1231 prudenti
1064 1147 1142 1231 quia
1173 1147 1316 1212 fortunae

260 1245 350 1311 favor
363 1248 521 1312 instabilis
536 1259 570 1314 et
584 1258 653 1312 tota
660 1248 821 1326 volubilis,
835 1249 927 1334 cujus
939 1248 1173 1332 experientiam
1183 1247 1317 1312 virentis

262 1349 367 1412 aetatis
394 1349 455 1412 viri
488 1348 651 1435 perpauci,
680 1348 818 1432 longaevi
846 1372 922 1414 vero
960 1351 1112 1434 temporis
1137 1351 1194 1414 vix
1230 1350 1316 1414 ullus

260 1449 377 1514 evadit.
415 1449 506 1516 Quid
518 1451 604 1515 enim
616 1449 794 1535 [Pompeii]
812 1450 926 1535 Magni
940 1452 1074 1535 gloriam
1087 1452 1242 1529 extinxit,
1258 1452 1315 1535 qui

260 1560 311 1616 tot
326 1552 361 1614 in
376 1552 453 1616 orbe
468 1552 640 1637 triumphis
655 1552 861 1629 excelluerat,
875 1562 998 1616 tautam
1020 1554 1055 1616 in
1076 1552 1158 1617 urbe
1179 1553 1314 1637 praecel-

259 1654 392 1719 lentiam
408 1655 601 1732 obtinuerat,
614 1654 677 1717 nisi
694 1655 782 1737 quod
804 1677 960 1718 annorum
977 1656 1093 1719 accidit
1107 1655 1314 1738 antiquitate,

259 1765 299 1818 ut
322 1757 428 1840 ipsum
451 1757 508 1839 qui
531 1758 671 1819 summos
694 1755 771 1818 olim
798 1755 963 1840 dignitatis
986 1757 1103 1841 gradus
1118 1756 1314 1834 ascenderat,

260 1878 341 1940 quos
363 1879 422 1920 nec
436 1857 522 1919 ultra
535 1855 710 1932 sublimari,
726 1856 833 1920 necin
855 1856 918 1920 illis
935 1857 1057 1921 diutius
1078 1866 1161 1920 stare
1180 1858 1318 1941 permis·

173 1990 176 1999 ·
259 1977 330 2020 sum
343 1955 459 2034 fuerat,
474 1957 515 2020 ab
530 1957 596 2020 alto
617 1978 745 2020 necesse
764 1956 871 2020 fuerat
893 1959 934 2021 ad
955 1958 1020 2021 ima
1034 1980 1202 2035 corruere3
1226 1959 1313 2021 unde

258 2067 366 2141 potest
386 2067 508 2121 tantam
530 2057 694 2121 dictatoris
717 2067 751 2121 et
772 2057 885 2142 optimi
909 2059 986 2122 civis
1009 2058 1218 2122 eminentiam
1239 2069 1314 2143 post

258 2157 375 2221 multas
401 2169 435 2222 et
456 2159 557 2223 varias
582 2160 621 2222 de
644 2169 741 2244 gente
763 2159 912 2223 victorias
937 2170 1101 2238 tamquam
1126 2160 1315 2224 fastidiente

254 2261 323 2345 jam
352 2261 497 2324 desertus
524 2283 544 2324 a
570 2260 712 2336 fortuna,
742 2270 809 2323 tam
838 2260 1027 2324 occidentali
1056 2261 1186 2324 tandem
1215 2284 1312 2345 quam

257 2361 404 2425 orientali
418 2361 570 2446 depulsus
583 2360 730 2445 imperio,
741 2359 790 2425 vir
804 2359 881 2424 olim
891 2361 1091 2439 victoriosus,
1106 2364 1312 2445 postmodum

256 2463 466 2548 ignominiose
478 2463 590 2540 victus,
603 2461 767 2526 occubuit.
805 2463 851 2526 Et
863 2485 880 2526 e
894 2462 1017 2526 diverso
1029 2463 1109 2546 quid
1120 2462 1141 2526 J
1142 2463 1221 2540 ulio,
1233 2463 1312 2546 quid

258 2564 429 2629 Macedoni
450 2564 648 2641 Alexandro,
664 2574 730 2627 tam
756 2563 870 2648 amplis
894 2564 1027 2627 laudum
1051 2563 1155 2627 titulis
1176 2563 1311 2647 gloriam

255 2667 290 2730 in
306 2690 411 2732 aevum
425 2667 646 2744 accumulavit,
661 2665 723 2730 nisi
739 2666 826 2750 quod
845 2665 880 2728 in
894 2665 964 2728 axis
980 2665 1130 2740 culmine,
1146 2665 1208 2728 nisi
1223 2668 1311 2748 quod

256 2769 292 2832 in
314 2779 382 2834 arte
397 2769 539 2833 victoriae
550 2769 619 2853 jam
645 2767 840 2845 constitutis,
855 2767 996 2830 fortunae
1018 2767 1173 2830 malitiam
1185 2767 1313 2830 volubi-

255 2871 384 2954 lemque
393 2871 579 2933 descensum
589 2878 860 2933 maturatamorte
871 2867 1178 2953 praevenitutriquc.
1213 2867 1311 2952 Speo-

256 2973 389 3034 tandum
404 2992 534 3054 quoque
550 2980 584 3034 et
597 2992 722 3054 semper
735 2969 771 3032 in
789 2969 896 3032 animo
910 2969 1050 3054 principi
1064 2971 1168 3032 fixum
1189 2969 1310 3032 haben-

255 3073 333 3135 dum
349 3094 446 3155 quam
468 3072 605 3135 clemens
627 3071 681 3134 ille
710 3070 855 3134 Salvator
877 3070 1021 3134 omnium
1043 3080 1077 3135 et
1101 3072 1308 3155 gubernator,

255 3195 353 3256 quam
381 3172 571 3256 longanimis
599 3173 640 3236 sit
670 3182 867 3256 expectator,
890 3182 971 3256 puta
999 3172 1203 3256 peccantium
1235 3171 1313 3255 plus

188 3287 191 3293 '
255 3273 493 3338 conversionem
525 3284 680 3358 appetens
709 3295 807 3357 quam
836 3273 1050 3352 eversionem3
1081 3282 1190 3337 tamen
1225 3273 1309 3336 sicut

254 3375 411 3439 conversis
437 3383 471 3438 et
493 3375 641 3438 correctis
664 3374 738 3459 pius
760 3374 914 3451 indultor,
938 3375 983 3438 sic
1004 3375 1160 3459 perversis
1183 3383 1217 3438 et
1237 3396 1310 3458 per-

256 3477 413 3540 tinacibus
432 3475 574 3540 interris
595 3476 786 3561 plerumque
808 3498 940 3560 poenam
954 3475 1118 3553 inchoans,
1133 3475 1237 3559 gravis
1260 3486 1309 3538 est

254 3579 342 3644 ultor
356 3588 390 3642 et
403 3577 545 3663 punitor.

298 3680 362 3744 His
376 3690 485 3744 autem
499 3701 565 3742 non
579 3670 765 3763 incongrue,
777 3701 842 3742 non
856 3679 1016 3742 inutiliter
1030 3677 1083 3741 hic
1097 3677 1307 3762 interpositis,

254 3782 295 3846 ad
315 3780 481 3845 historiam
496 3802 607 3844 eorum
620 3802 694 3863 quae
710 3780 949 3843 occasionaliter
970 3778 1215 3863 anticipavimus
1231 3801 1308 3842 exe-

254 3883 416 3947 cutionem
449 3892 488 3946 ut
517 3891 585 3945 tota
609 3881 672 3944 viz.
701 3880 836 3944 Henrici
865 3880 996 3944 secundi
1024 3880 1130 3943 finalis
1157 3879 1209 3943 hic
1234 3901 1308 3942 area

252 3993 466 4069 percurratur,
476 3990 682 4046 revertamur.
714 3980 866 4064 Inprimis
880 3981 991 4064 itaque
1002 3983 1097 4066 post²
1111 3977 1306 4044 Patriarchae

141 4142 143 4146 Α
254 4084 437 4161 discessum,
451 4082 560 4146 missio
575 4081 596 4144 J
597 4081 731 4145 ohannis
748 4081 783 4144 in
798 4080 990 4146 Hiberniam
1004 4081 1254 4167 ignominiosum
1268 4091 1307 4144 ut

253 4185 394 4249 diximus
417 4183 530 4248 sortita
552 4193 602 4247 est
626 4182 787 4260 effectum,
811 4183 1080 4267 quemadmodum
1108 4183 1144 4246 in
1172 4182 1307 4247 historia

350 4315 649 4371 ¹Et....militasset.
686 4314 819 4370 OnnMS.
958 4315 1098 4383 ’Postin
1111 4314 1170 4369 MS.
