3000 5040
440 484 489 533 DE
514 484 780 536 INSTRUOTIONE
806 487 1017 538 PRINCIPUM0
1188 476 1246 538 12]

197 633 308 696 nifices
330 633 455 696 cruenti
478 635 689 699 communiter
712 636 878 701 invadunt.
922 639 969 702 Et
991 638 1143 702 umbilico
1158 640 1252 703 tenus

199 756 219 796 a
247 734 370 798 dextris
400 734 493 798 illum
522 758 540 799 a
569 736 685 800 throno
715 739 931 817 extrahentes,
961 741 1082 803 nudato
1111 751 1251 824 pectore,

199 835 352 898 dextrum
366 836 397 899 ei
418 837 503 900 latus
523 837 633 903 lancea
647 840 847 905 confodiunt.
893 842 940 905 Et
954 843 1061 906 statim
1076 844 1141 905 vox
1160 843 1253 906 terri-

199 937 274 1005 bilis
297 937 388 1000 valde
417 949 527 1002 secuta
549 949 598 1002 est
614 939 660 1003 in
688 941 774 1004 hunc
797 942 948 1022 modum3
974 942 1119 1019 “Woth,
1138 943 1254 1021 Woth,

197 1037 297 1101 Pater
319 1049 352 1103 et
377 1039 498 1118 Filius3
531 1040 645 1122 Woth,
672 1043 786 1120 Woth,
811 1043 952 1128 Spiritus
976 1043 1144 1110 Sanctus.”
1189 1046 1253 1110 Sed

198 1152 308 1204 utrum
331 1141 469 1226 desuper
491 1142 626 1206 demissa
646 1166 686 1206 an
708 1167 726 1206 a
749 1145 966 1208 circumstanti
989 1146 1110 1229 populo
1129 1147 1254 1231 prolata

197 1242 308 1320 fuerit,
324 1243 385 1306 hoc
408 1243 488 1306 mihi
503 1244 614 1307 datum
633 1254 682 1308 est
704 1245 859 1328 ignorare.
904 1246 950 1309 Et
964 1247 1008 1309 sic
1030 1247 1109 1310 mihi
1124 1248 1253 1312 demum

198 1356 264 1410 tam
278 1344 365 1409 vocis
381 1345 490 1429 hujuS,
507 1367 604 1428 quam
619 1344 759 1424 visionis,
774 1356 887 1424 terror,
904 1357 1091 1431 experrecto
1106 1371 1253 1412 somnum

199 1447 350 1510 excussit.

243 1546 342 1611 Illum
367 1547 477 1632 itaque
504 1558 620 1612 testem
648 1549 761 1614 invoco
787 1551 840 1614 cui
867 1551 955 1614 nuda
981 1561 1015 1615 et
1040 1563 1151 1636 aperta
1179 1564 1256 1618 sunt

199 1649 316 1726 omnia,
355 1649 507 1732 quoniam
542 1673 594 1713 me
631 1651 740 1714 statim
776 1651 811 1714 in
848 1661 947 1716 strato
983 1653 1186 1731 residentem,
1221 1666 1255 1718 et

198 1750 269 1812 haec
295 1773 421 1813 mecum
450 1751 545 1814 anxie
574 1752 780 1830 recolentem,
804 1762 912 1815 tantus
937 1775 995 1837 per
1018 1755 1182 1818 dimidiam
1203 1756 1255 1819 vel

93 1895 95 1900 »
197 1851 333 1935 amplius
372 1852 494 1929 horam,
533 1863 567 1916 et
602 1863 669 1916 tam
696 1853 867 1917 vehemens
907 1854 1010 1917 carnis
1051 1865 1084 1917 et
1122 1857 1254 1940 spiritus

196 1954 309 2017 horror
333 1954 459 2032 invasit,
476 1956 565 2038 quod
583 1955 651 2018 fere
674 1966 768 2019 extra
788 1978 840 2018 me
861 1955 965 2019 factus
987 1979 1006 2019 a
1027 1966 1135 2020 mente
1153 1969 1254 2022 trans-

196 2057 243 2119 ire
279 2067 313 2121 et
342 2057 533 2121 dementire
555 2057 717 2123 timebam.
776 2058 1010 2123 Verumtamen
1049 2059 1090 2121 ad
1122 2061 1255 2125 unicum

196 2159 277 2223 illud
305 2158 418 2223 salutis
445 2159 597 2223 humauae
623 2160 788 2244 refugium
820 2161 1060 2245 promptissima
1085 2163 1254 2226 devotione

196 2283 372 2337 recurrens,
400 2270 433 2323 et
459 2260 549 2343 signo
575 2261 678 2324 crucis
703 2261 895 2325 creberrimo
921 2272 987 2325 tam
1016 2262 1156 2326 frontem
1191 2263 1255 2347 sig-

197 2383 286 2438 nans,
308 2368 406 2444 quam
425 2371 538 2446 pectus
557 2362 716 2440 muniens,
740 2372 927 2446 sequentem
948 2363 1051 2426 noctis
1073 2363 1161 2426 illius
1182 2387 1255 2448 par-

198 2473 263 2527 tem
292 2483 395 2545 usque
421 2462 463 2524 ad
484 2484 630 2526 auroram
654 2463 736 2526 duxi
764 2463 951 2526 insomnem.
1011 2464 1058 2527 Et
1079 2464 1124 2527 sic
1147 2464 1255 2529 divina

199 2563 380 2649 opitulante
405 2564 520 2644 gratia,
548 2564 677 2630 tandem
705 2564 746 2627 ad
773 2587 826 2627 me
848 2586 994 2628 reversus
1018 2565 1099 2627 mihi
1125 2551 1255 2629 demum

198 2666 294 2751 plena
323 2665 494 2728 securitate
521 2687 595 2728 sum
625 2665 807 2729 restitutus
866 2664 1046 2749 Nunquam
1074 2677 1181 2730 tamen
1215 2668 1256 2730 ad

200 2768 353 2843 animum,
375 2789 434 2829 nec
457 2767 554 2830 etiam
579 2767 735 2830 hodierno
756 2767 818 2843 die,
839 2767 960 2850 absque
983 2767 1114 2830 horrore
1139 2789 1256 2851 magno

198 2869 353 2934 visionem
381 2869 475 2953 potui
502 2885 661 2932 revocare.
718 2868 809 2935 Quid
838 2868 925 2932 enim
953 2866 1130 2932 terribilius
1158 2890 1255 2952 quam

198 2994 217 3033 a
253 2980 399 3034 creatura
430 2970 577 3054 'conspici
613 2969 699 3033 ferro
736 2969 866 3033 confodi
905 2968 1113 3033 Creatorem?
1172 2970 1257 3036 Quis

199 3072 352 3136 caelorum
375 3071 469 3148 cives,
486 3070 617 3158 Deique
633 3071 823 3134 domesticos
845 3069 1077 3155 hominumque
1092 3081 1255 3154 patronos

197 3175 233 3237 in
258 3174 377 3237 caedem
405 3173 489 3237 trahi
510 3173 618 3237 videat
639 3183 673 3236 ct
697 3172 821 3236 turbari
846 3194 912 3235 non
935 3173 1108 3236 turbatus?
1160 3173 1255 3252 Quis,
1298 3231 1299 3234 ,

196 3276 338 3360 inquam,
354 3276 462 3360 ipsum
483 3286 608 3340 uaturae
628 3274 806 3338 Dominum
821 3284 855 3337 et
869 3273 1086 3338 universitatis
1101 3268 1254 3358 Figulum

197 3379 264 3462 pati
280 3379 463 3462 conspiciat,
480 3389 513 3440 et
526 3399 591 3440 non
606 3377 824 3461 compatitur?

240 3477 344 3544 Quid'
360 3489 468 3541 autem
495 3478 565 3541 haec
595 3477 656 3540 sibi
678 3477 759 3540 visio
777 3477 866 3552 velit,
893 3487 927 3540 et
953 3478 1032 3560 quid
1060 3479 1250 3560 portendere

195 3581 309 3656 valeat,
336 3581 457 3663 absque
486 3578 677 3662 praejudicio
703 3577 813 3662 paucis
845 3578 1016 3641 absolvam.
1076 3579 1144 3645 Qui
1173 3581 1250 3644 olim

195 3683 228 3743 in
258 3681 388 3764 propria
422 3701 557 3763 persona
592 3701 703 3762 passus
733 3689 782 3742 est
816 3701 875 3762 pro
905 3678 979 3755 suis,
1009 3701 1094 3742 nunc
1130 3681 1250 3745 iterum

196 3805 229 3845 se
252 3781 320 3865 pati
343 3779 502 3864 significat
524 3779 580 3842 sed
602 3780 636 3841 in
659 3778 735 3844 suis,
780 3779 827 3843 Et
851 3779 908 3862 qui
932 3802 990 3864 per
1012 3781 1113 3843 crucis
1136 3783 1250 3845 trium-

196 3884 297 3969 phum
315 3884 356 3947 ad
376 3883 542 3946 dexteram
555 3881 666 3945 'Patris
684 3881 856 3946 ascendens
879 3903 1015 3964 regnum
1038 3904 1132 3945 suum
1149 3883 1250 3947 victo-

194 3985 298 4047 riosus
325 3984 479 4062 intravit3
510 3981 560 4047 illi
586 3985 654 4068 jam
681 3983 789 4046 hostes
812 3982 890 4047 facti
920 3983 955 4045 in
980 3985 1083 4068 capite
1113 4008 1248 4069 regnum

195 4087 332 4163 auferre,
354 4087 554 4170 majestatem
575 4085 732 4160 minuere,
749 4084 913 4147 ecclesiam
936 4085 1120 4149 subvertere
1139 4087 1248 4150 nitun-

194 4199 259 4264 tur,
283 4211 377 4271 quam
406 4186 481 4272 Ipse
515 4187 576 4252 sibi
606 4187 678 4249 fuso
708 4186 861 4269 sanguine
891 4187 1094 4270 comparavit.
1153 4187 1248 4252 Ideo-

195 4313 269 4374 que,
298 4302 336 4354 ut
364 4290 512 4369 arbitror,
542 4312 606 4352 uon
635 4289 669 4352 in
702 4311 806 4366 cruce,
833 4287 890 4350 sed
922 4287 956 4350 in
992 4289 1165 4377 majestate,
1192 4315 1249 4376 ap-
