3000 5040
282 463 346 525 106
593 476 775 528 oramnus
800 475 1028 528 causamme

278 626 533 710 aeternitatisque
569 627 754 690 memoriam
797 636 935 710 uterque
978 625 1167 710 promeruit.
1226 624 1336 688 Ambo

276 739 409 792 statruae
430 728 569 812 grandis,
592 727 753 812 pauloque
776 727 948 812 plusquam
970 727 1149 802 mediocris,
1165 736 1200 789 et
1221 726 1334 791 formae

275 830 382 913 dignae
397 829 543 914 imperio.
589 828 770 892 Strenuitas
787 828 852 891 illis
874 837 908 890 et
930 827 1028 891 animi
1050 827 1240 910 magnitudo
1263 827 1331 891 fere

277 954 345 1015 par,
372 932 428 994 sed
448 931 500 993 via
524 930 653 995 virtutis
674 929 765 994 valde
789 929 905 1012 dispar.
962 929 1040 992 Illel
1062 929 1195 992 lenitate
1224 928 1334 993 lauda·

277 1032 352 1095 bilis
376 1043 409 1096 et
430 1032 642 1110 liberalitate3
665 1031 744 1094 iste²
759 1031 927 1095 severitate
950 1030 1134 1114 spectabilis
1156 1040 1190 1093 et
1212 1029 1332 1093 stabili·

278 1143 355 1196 tate.
400 1133 462 1197 Ille
491 1133 647 1196 suavitate
677 1131 948 1208 commendabilia,
972 1131 1025 1194 hic
1054 1130 1220 1214 gravitate.
1278 1130 1333 1194 Illi

277 1234 414 1298 facilitas
452 1234 528 1297 huic
557 1234 735 1298 constantia
771 1233 900 1296 laudem
936 1233 1074 1316 peperit.
1120 1231 1181 1295 Ille
1209 1231 1333 1294 miseri·

277 1335 385 1399 cordia
408 1335 610 1418 conspicuus,
626 1335 688 1399 iste
709 1334 849 1419 justitia.
895 1333 956 1397 Ille
979 1333 1169 1398 miserorum
1191 1341 1224 1395 et
1248 1332 1330 1397 male

274 1436 462 1500 meritorum
497 1435 671 1519 refugium,
708 1436 768 1499 iste
804 1435 1010 1520 supplicium.
1069 1434 1131 1498 Ille
1173 1434 1331 1498 malorum

275 1538 418 1621 clypeus,
450 1537 511 1601 iste
546 1537 689 1601 malleus.
735 1535 864 1601 Martiis
893 1536 948 1600 ille
976 1535 1063 1599 ludis
1098 1535 1255 1613 addictus,
1277 1535 1330 1597 hic

275 1639 386 1716 seriis3
410 1638 466 1703 ille
490 1637 663 1712 extraneis,
687 1637 748 1699 iste
769 1637 855 1714 suis;
881 1636 936 1700 ille
960 1636 1119 1713 omnibus,
1141 1636 1202 1701 iste
1225 1637 1329 1704 bonis.

275 1739 336 1804 Ille
361 1739 622 1822 magnanimitate
647 1737 805 1801 mundum
827 1738 999 1816 ambiebat,
1022 1737 1083 1802 iste
1105 1738 1167 1802 sibi
1189 1739 1229 1802 de
1255 1740 1329 1823 jure

274 1841 489 1925 competentia
513 1861 578 1904 non
602 1839 810 1903 inefficaciter
835 1841 1019 1924 appetebat.
1067 1839 1132 1904 Sed
1157 1840 1241 1924 quid
1270 1864 1329 1925 per

274 1941 400 2025 singula
414 1943 530 2006 curro?
564 1941 685 2005 Tantos
699 1941 740 2003 ab
755 1963 820 2004 uno
832 1940 978 2026 principe
994 1942 1074 2004 duos
1090 1950 1201 2005 ettam
1225 1941 1328 2005 diver·

274 2043 414 2107 sissimos
441 2064 501 2105 nec
530 2065 671 2126 praesens
698 2053 787 2119 aetas,
818 2064 876 2105 uec
906 2043 974 2106 ulla
1002 2043 1116 2106 recolit
1140 2043 1327 2128 antiquitas.

276 2144 362 2208 Sunt
376 2144 472 2207 etiam
495 2144 547 2207 hic
562 2144 729 2207 addenda³
751 2143 913 2228 prioribus
936 2167 1064 2228 eaquae
1086 2167 1129 2207 ex
1147 2153 1221 2228 post
1235 2144 1327 2208 factis

274 2246 452 2332 adjicienda
473 2246 689 2330 cognovimus.
736 2245 867 2311 Quanto
896 2245 1096 2309 strenuitatis
1116 2246 1235 2309 indicio
1258 2245 1329 2310 An-

273 2347 348 2432 gliae
363 2370 509 2411 coronam
525 2346 671 2430 adeptus,
695 2345 728 2408 in
743 2345 1001 2430 peregrinatione
1016 2347 1219 2434 postmodum
1239 2346 1328 2410 Iero-

273 2449 464 2533 solymitana
475 2449 636 2511 Messanae
647 2469 757 2510 muros
766 2447 901 2530 irrupit3
918 2456 951 2510 et
962 2448 1327 2512 intusexistenteFran·

274 2572 384 2614 corum
409 2550 502 2633 Rege
529 2548 693 2633 Philippo,
712 2548 768 2611 sed
789 2547 836 2610 nil
864 2548 928 2611 tale
951 2549 1128 2613 meditante
1151 2551 1203 2613 vel
1223 2552 1326 2634 suspi-

273 2662 376 2729 cante,
404 2652 537 2715 eaudem
566 2650 774 2714 nihilominus
799 2649 936 2712 viriliter
965 2650 1114 2714 intrando
1144 2651 1324 2716 debellavit.

273 2751 416 2817 Insulam
427 2753 606 2837 Cypricam,
616 2751 728 2837 piratis
739 2750 864 2834 asylum
874 2751 1029 2815 hactenus
1042 2761 1075 2814 et
1084 2752 1225 2836 paganis,
1238 2751 1325 2815 felici

271 2855 398 2939 navigio
417 2852 610 2938 subjugavit,
633 2863 667 2915 et
687 2863 870 2936 tyrannum,
891 2851 949 2935 qui
970 2851 1172 2936 imperatoris
1194 2875 1324 2937 quoque

270 2977 388 3018 nomen
403 2955 465 3017 sibi
478 2964 697 3037 usurpaverat,
714 2953 876 3037 captivum
891 2954 1040 3018 abduxit.
1085 2953 1325 3018 Dromundum⁴

273 3053 425 3132 Saladini,
441 3054 481 3117 ad
496 3053 641 3116 Aeonem
663 3053 874 3116 muniendum
895 3054 990 3116 armis
1013 3064 1047 3117 et
1060 3055 1253 3118 victualibus
1273 3077 1324 3117 re-

271 3153 401 3230 fertum,
414 3155 519 3217 obiter
540 3154 741 3232 offendendo,
756 3176 814 3238 per
827 3153 932 3236 galeas
954 3155 1105 3218 audacter
1126 3178 1323 3240 expugnare,

271 3255 447 3338 rostrisque
461 3255 588 3318 ferratis
602 3256 716 3318 subtus
730 3263 908 3339 penetrare,
922 3255 1023 3320 donec
1044 3258 1124 3321 mari
1138 3258 1324 3342 absorptum

271 3356 404 3433 videret,
420 3379 485 3419 non
500 3357 641 3420 cessavit.
687 3357 829 3421 Demum
844 3356 990 3423 Aeonem
998 3359 1138 3436 veniens,
1150 3382 1324 3445 murosque

272 3458 380 3521 statim
403 3480 477 3522 cum
497 3457 692 3522 Francorum
708 3481 836 3544 quoque
853 3459 944 3543 Rege
967 3459 1118 3544 Philippo
1137 3483 1171 3524 se
1191 3461 1325 3527 viriliter

271 3559 420 3636 habente,
430 3559 604 3622 suffodiens
618 3559 819 3644 etdejiciens,
830 3561 944 3623 urbem
955 3571 1106 3644 potenter
1115 3564 1323 3646 expugnavit,

273 3672 307 3724 et
321 3661 382 3724 tria
396 3660 576 3725 Turcorum
590 3660 691 3723 millia
705 3660 739 3723 in
755 3682 808 3723 ore
823 3659 922 3744 gladii
933 3661 1110 3727 decollavit.
1157 3662 1325 3728 Catervam

273 3762 501 3846 Babylonicam
537 3761 578 3824 ad
612 3760 826 3824 munitionem
858 3759 1064 3846 Ierosolymae
1101 3763 1140 3826 de
1177 3764 1324 3849 AEgypto

308 3981 315 4011 ¹
336 3980 473 4034 Henricus.
581 3978 743 4032 ²Ricardus.
821 3988 923 4047 matter,
935 3978 1067 4050 evidently
1078 3978 1163 4032 added
1181 3987 1208 4032 at
1226 3997 1242 4032 a
1259 3979 1324 4032 later

307 4050 411 4130 ⁸,Here
426 4049 470 4101 the
489 4049 580 4130 author
601 4048 647 4100 has
665 4047 774 4128 omitted
821 4048 918 4117 period.
1113 4116 1118 4127 ·
1264 4117 1270 4130 ·

272 4116 774 4256 ‘'ttflfltlttttttttillir
839 4117 901 4238 ..tl
914 4117 1323 4238 ittltffiVtttdffltt

271 4205 332 4324 v'le
351 4265 378 4309 to
397 4257 472 4309 make
493 4274 564 4309 room
586 4256 624 4308 ior
643 4205 773 4308 thlisgbew
822 4204 910 4325 lulph,
921 4255 1088 4325 Coggesbale‚
1097 4273 1123 4325 p.
1133 4259 1177 4324 64,
1186 4225 1228 4308 ed.
1238 4256 1322 4324 Bouq.
