3000 5040
427 540 475 590 nn
501 539 767 590 msrauorrona
793 539 1007 591 rnrrorrun.
1177 521 1240 591 137

185 690 259 754 fuit.
305 691 456 758 Qualiter
470 702 579 756 autem
601 714 658 776 per
677 691 861 776 principum
884 702 1065 754 nostrorum
1087 691 1240 754 invidiam

185 803 283 876 atque
296 791 495 868 discordiam,
516 802 555 855 ut
575 792 686 876 paucis
708 792 946 856 occasionaliter
964 792 1147 876 anticipem,
1163 816 1238 876 quae

183 894 289 978 longis
302 893 528 957 historicorum
538 893 622 957 forte
638 895 839 977 'posterorum
851 894 976 978 paginis
990 894 1123 957 materia
1138 894 1237 970 dabit,

184 996 285 1059 totius
299 995 551 1059 Christianitatis
565 996 599 1059 in
623 1006 708 1058 terra
721 1017 809 1059 sacra
822 996 920 1080 paulo
941 1006 1016 1080 post
1036 1006 1179 1072 conatus,
1196 1019 1239 1058 ex
1342 1063 1346 1070 ,

184 1095 251 1159 solo
274 1096 457 1181 principum
477 1097 608 1160 defectu
629 1098 670 1160 ad
694 1097 828 1182 plenum
850 1120 915 1161 non
944 1097 1127 1181 profecerit,
1156 1097 1238 1181 proh

182 1198 288 1282 pudor
302 1209 400 1282 atque
413 1198 522 1262 dolor!
540 1198 581 1260 ad
589 1221 700 1262 eorum
713 1199 932 1262 confusionem
943 1221 1139 1283 poenamque
1151 1199 1236 1283 plec-

182 1299 309 1363 tibilem
332 1300 367 1362 in
394 1300 487 1363 terris
509 1299 701 1376 inchoatam,
717 1300 910 1384 quibusdam
933 1300 1017 1364 sicut
1038 1322 1147 1365 rerum
1167 1324 1238 1384 ges-

183 1410 288 1464 tarum
302 1401 380 1465 ordo
396 1401 550 1486 deposcit,
566 1402 735 1485 sequentia
749 1402 932 1466 declarabit.

593 1656 674 1721 Chr.
691 1655 830 1721 XXIV.

185 1831 341 1910 Qualiter,
370 1833 579 1896 Cenomooaia
610 1833 775 1909 combusto,
797 1831 869 1895 inde
888 1832 1023 1915 sagatos
1037 1832 1117 1914 fait,
1141 1841 1172 1894 et
1197 1833 1235 1894 de

366 1934 456 1996 verbo
470 1934 644 2016 apostatico
658 1935 772 1996 iterum
787 1933 825 1995 ab
840 1935 907 2016 ipso
916 1933 1053 2017 prolato.

224 2109 289 2174 Hrs
301 2111 402 2195 igitur
413 2134 477 2173 non
485 2111 656 2187 inutiliter,
667 2132 732 2172 non
745 2110 999 2194 incompetenter
1007 2109 1059 2172 hic
1068 2110 1232 2194 appositis,
1245 2129 1354 2220 ffitffl
1362 2132 1386 2172 or

179 2213 218 2275 ad
246 2212 389 2275 historiae
416 2212 530 2276 seriem
555 2221 761 2275 revertamur.
817 2211 910 2275 Circa
936 2211 1089 2274 kalendas
1121 2213 1342 2321 laquem

178 2312 279 2390 Junii,
295 2314 400 2375 verbis
423 2313 509 2396 pacis
531 2313 679 2375 omnibus
702 2322 736 2374 et
757 2312 926 2395 colloquiis
951 2313 1036 2374 inter
1051 2312 1232 2396 Anglorum
1244 2329 1336 2420 sappo:
1344 2381 1379 2421 ne

179 2413 304 2497 Regem
315 2424 348 2477 ct
360 2413 520 2476 Comitem
536 2413 767 2490 Pictavensem,
779 2422 864 2475 nutu
877 2413 984 2476 divino
996 2414 1168 2478 vindictam
1180 2438 1232 2477 ac·
1251 2442 1285 2470 ου
1293 2429 1346 2471 orit

178 2514 348 2592 celerante,
363 2537 429 2576 non
443 2516 484 2578 ad
499 2514 709 2592 concordiam,
724 2515 779 2578 sed
801 2514 912 2599 potius
928 2515 1008 2578 iram
1022 2516 1120 2579 versis
1138 2517 1233 2580 inex·

177 2616 341 2694 orabilem,
372 2616 488 2680 dirutis
514 2616 655 2701 primum
679 2617 801 2680 martiis
822 2617 944 2680 viribus
966 2617 1103 2681 castellis
1126 2618 1231 2681 Ceno-

176 2719 312 2781 manniis
334 2719 494 2802 pluribus,
510 2718 639 2781 demum
653 2718 694 2780 ad
708 2719 822 2781 urbem
838 2719 941 2802 ipsam
956 2719 1229 2785 Cenomanensem

177 2842 196 2882 a
211 2819 303 2902 Rege
318 2819 514 2882 Francorum
529 2829 563 2882 et
575 2818 700 2883 Comite
711 2817 892 2883 Pictavensi
902 2843 975 2883 cum
989 2821 1159 2905 utriusque
1172 2845 1229 2885 ex-

176 2921 279 2984 ercitu
294 2931 485 3003 perventum
498 2930 556 2984 est.
603 2921 686 2985 Cum
704 2921 816 3004 igitur,
832 2922 1071 3006 egredientibus
1086 2925 1227 3001 urbanis,

175 3023 309 3086 hostiles
338 3022 421 3085 acies
451 3023 604 3105 utrinque
635 3046 822 3088 concurrere
847 3026 915 3109 jam
942 3036 1101 3109 pararent,
1132 3036 1166 3089 et
1194 3027 1229 3089 in

175 3124 297 3209 primis,
307 3125 450 3187 nondum
460 3134 568 3186 tamen
579 3125 732 3188 consertis
741 3126 871 3189 omnino
882 3126 1014 3203 viribus,
1029 3128 1229 3212 confligendo

176 3227 267 3311 quasi
292 3225 478 3310 praeliorum
506 3225 664 3310 praeludia
688 3227 850 3304 facerent3
877 3227 954 3291 Rex
977 3228 1169 3312 Anglorum,
1192 3242 1230 3294 ut

175 3339 244 3392 erat
278 3328 409 3391 martios
438 3349 624 3410 congressus
654 3328 760 3411 quoad
793 3329 902 3412 potuit
935 3353 1060 3415 semper
1096 3333 1229 3410 evitanS,

175 3453 249 3494 suos
286 3431 371 3492 intra
403 3429 526 3492 moenia
558 3429 745 3506 revocando,
775 3431 967 3493 suburbium
996 3443 1111 3508 totum,
1142 3437 1230 3518 quod

173 3533 275 3617 ipsam
297 3530 530 3615 propemodum
550 3529 674 3605 urbem,
696 3539 730 3592 ct
750 3531 777 3592 si
797 3551 862 3593 non
881 3532 1047 3613 dignitate,
1063 3539 1228 3620 majestate

174 3644 282 3696 tamen
305 3641 339 3694 et
360 3630 515 3692 mercium
538 3630 629 3713 copia
653 3629 847 3693 diversarum
871 3634 1103 3717 aequiparabat,
1122 3638 1229 3700 nevel

174 3733 247 3796 urbi
263 3732 389 3795 officere
404 3731 455 3794 rel
476 3730 562 3793 hosti
576 3731 731 3814 proficere
747 3743 866 3816 posset,
882 3734 956 3818 igne
979 3737 1126 3820 apposito
1142 3761 1228 3802 com-

172 3835 247 3898 buri
278 3833 400 3919 jussit.¹
455 3831 584 3896 Ventus
611 3844 730 3909 autem,
761 3856 946 3918 quanquam
975 3848 1049 3901 ante
1077 3841 1117 3902 ab
1148 3842 1228 3904 urbe

172 3938 322 4012 venisset,
344 3937 378 3999 in
403 3935 598 3999 contrarium
621 3935 730 3999 subito
743 3959 864 4014 versus,
887 3949 925 4001 ut
948 3940 1073 4018 assolet,
1094 3951 1128 4004 et
1149 3962 1229 4026 aug⁴

173 4048 343 4116 mentatus,
362 4038 428 4101 vim
446 4038 625 4101 flammeam
649 4037 733 4121 ignis
755 4039 860 4102 edacis
880 4040 915 4103 in
938 4042 1050 4104 urbem
1069 4043 1155 4107 illico
1177 4045 1226 4108 in-

173 4141 323 4204 teriorem
348 4139 597 4224 transportavit3
627 4125 800 4224 statimque
830 4141 865 4203 in
894 4152 1014 4207 tantam
1041 4145 1225 4211 violentiam

206 4297 215 4329 ¹
234 4297 284 4349 His
298 4297 380 4349 forces
388 4314 454 4348 were
467 4297 577 4367 uneqml
590 4306 616 4349 to
630 4297 673 4350 the
722 4315 794 4350 same
818 4298 890 4365 time,
912 4299 978 4353 unfit
1002 4310 1028 4353 to
1058 4302 1090 4355 be
1114 4307 1221 4360 trusted.

170 4365 276 4419 defence
299 4367 328 4418 of
348 4365 392 4418 the
417 4366 480 4436 city,
502 4367 560 4434 and,
582 4376 607 4419 at
629 4367 672 4420 the
722 4368 771 4420 See
784 4367 962 4438 Hemingford‚
975 4388 1000 4445 p.
1013 4375 1074 4426 513.
