3000 5040
405 472 453 521 nn
478 469 744 520 msrnucrronn
769 469 982 520 rnrucrrun.
1154 445 1216 514 157

166 619 312 696 articulo,
335 620 547 684 communiter
568 620 781 697 indulserunt,
805 629 843 682 ut
865 640 979 702 corpus
1001 616 1125 679 nudum
1147 615 1218 677 abs-

167 746 230 806 que
246 722 366 785 amictu
380 721 525 805 quolibet
539 721 726 804 aliquandiu
740 721 997 805 relinqueretur;
1024 719 1123 780 donec
1138 736 1219 799 puer

167 823 299 907 quidam
325 845 491 886 accurrens
513 821 611 906 pallio
641 844 699 884 suo
727 822 863 898 modico,
886 844 922 884 ac
950 819 1041 883 tenui
1070 818 1110 880 de
1139 815 1217 878 fi10¹

167 935 331 1001 contexto,
356 924 444 1008 quali
471 923 575 986 solent
604 924 716 987 aestivo
742 934 886 1007 ternpore
912 924 1047 1008 juvenes
1079 919 1139 994 uti,
1162 917 1219 979 vix

166 1048 272 1110 genua
299 1026 435 1102 velante,
466 1025 606 1109 corporis
638 1025 745 1109 quoad
790 1025 899 1109 potuit
936 1023 1024 1086 nuda
1063 1019 1218 1083 contexit.

168 1127 260 1190 Tunc
286 1127 481 1211 completum
507 1126 572 1189 fuit
597 1148 754 1209 agnomen
776 1126 931 1209 ejusdem,
952 1124 1035 1187 sicut
1058 1123 1097 1185 de
1123 1142 1220 1204 agno-

167 1227 309 1292 minibus
330 1250 417 1311 saepe
431 1226 533 1290 videri
547 1225 638 1303 solet,
655 1226 743 1310 quod
757 1226 787 1289 ei
812 1226 953 1288 nondum
976 1224 1055 1308 regi,
1071 1223 1127 1286 sed
1146 1221 1220 1285 duci

168 1338 305 1405 tantum,
320 1327 518 1412 juvenilibus
539 1327 630 1390 annis
644 1327 755 1390 datum
772 1327 889 1390 fuerat.
934 1325 1098 1393 Quoniam
1120 1324 1220 1386 enirn-

166 1452 241 1494 vero
257 1438 347 1492 curta
360 1428 501 1512 primum
523 1427 620 1512 pallia
635 1428 674 1491 de
690 1427 877 1511 Andegavia
896 1428 931 1492 in
948 1426 1110 1510 Angliam,
1131 1423 1219 1508 (quae

167 1531 270 1613 longis
300 1541 334 1593 et
356 1529 499 1593 demissis
526 1530 566 1593 ad
595 1540 712 1616 terram
740 1529 846 1614 palliis
871 1530 912 1592 ab
939 1529 988 1592 avi
1012 1527 1062 1591 sui
1085 1525 1220 1590 Henrici

167 1631 264 1715 primi
287 1642 431 1716 tempore
456 1631 507 1695 uti
534 1632 766 1714 consueverat)
792 1631 853 1695 iste
877 1631 1026 1715 portavit,
1058 1627 1220 1692 Henricus

169 1736 210 1798 ob
225 1735 286 1798 hoc
303 1735 379 1798 Cum
394 1743 481 1797 curto
496 1733 643 1796 mantello
658 1735 756 1817 vulgo
770 1743 901 1796 vocatus
916 1743 994 1796 erat.
1048 1777 1050 1781 ψ

212 1835 268 1903 Ad
299 1836 370 1899 haec
400 1835 496 1899 etiam
526 1856 599 1897 curu
632 1858 651 1898 a
677 1834 824 1898 Chinone
854 1834 895 1896 ad
927 1833 1052 1896 fontem
1078 1831 1218 1895 Ebrardi

168 1959 283 2021 corpus
318 1939 387 2021 ejus
416 1935 522 1998 efferri
551 1934 723 2011 debuisset,
752 1935 809 1998 vix
839 1935 896 2018 qui
933 1957 1047 2018 corpus
1088 1933 1220 1995 sindone

168 2048 369 2114 consuerent,
384 2036 441 2099 vix
463 2036 520 2120 qui
542 2036 583 2098 ad
602 2035 758 2098 feretrum
781 2058 881 2119 equos
895 2035 947 2100 vel
967 2035 1149 2099 invenirent
1170 2033 1221 2096 vel

168 2128 325 2224 aptarent,
335 2138 392 2201 vix
402 2138 460 2222 qui
473 2136 590 2201 debitis
600 2136 762 2221 obsequiis
775 2146 808 2199 et
822 2136 987 2219 exsequiis
1001 2136 1099 2199 funus
1113 2157 1222 2219 prose-

170 2251 355 2325 querentur,
378 2238 501 2303 inventi
523 2250 609 2301 sunt.
655 2237 696 2300 In
718 2237 882 2301 ecclesiam
904 2248 1013 2300 autem
1032 2237 1220 2299 monialium

168 2344 320 2426 majorem
345 2362 476 2423 corpore
500 2340 569 2424 jam
598 2338 715 2413 delata,
738 2337 824 2400 fama
845 2337 925 2400 fines
952 2337 1135 2421 pernicibus
1161 2337 1220 2400 alis

168 2443 400 2518 transvoland0,
430 2440 588 2504 Comitem
618 2439 787 2504 Pictaviae
805 2441 845 2503 ad
873 2450 1021 2524 paternas
1050 2440 1221 2524 exsequias

169 2544 257 2607 ocius
276 2542 416 2606 advexit.
463 2541 531 2608 Qui
555 2564 628 2604 cum
650 2541 814 2604 ecclesiam
838 2541 974 2604 intraret
987 2552 1021 2605 et
1042 2543 1083 2604 ad
1105 2565 1220 2625 corpus

168 2645 342 2720 accederet,
358 2643 456 2727 patris
470 2642 566 2705 facies
588 2641 623 2703 in
645 2644 715 2726 ejus
737 2642 888 2719 adventu,
909 2643 1036 2706 sudario
1059 2667 1124 2727 quo
1147 2667 1220 2707 coo·

167 2757 259 2830 perta
281 2746 387 2823 fuerat
411 2745 541 2820 nudata,
564 2743 751 2828 comparuit.
798 2743 884 2810 Quae
906 2754 1060 2828 tanquam
1083 2745 1221 2808 colorata

169 2859 202 2911 et
217 2846 310 2910 solita
323 2845 452 2910 feritate
466 2867 530 2907 non
546 2855 646 2908 exuta
661 2867 732 2907 cum
749 2845 897 2908 omnibus
912 2857 1089 2930 appareret,
1107 2847 1221 2912 Comes

169 2971 207 3010 ea
228 2948 372 3030 inspecta
397 2969 462 3009 non
491 2946 611 3029 absque
634 2945 766 3008 fremitu
789 2947 890 3009 carnis
913 2957 947 3009 et
971 2947 1112 3024 horrore,
1127 2959 1222 3011 natu-

167 3048 291 3133 ralique
331 3047 415 3111 forte
459 3046 578 3123 dolore,
609 3069 712 3110 coram
756 3047 848 3111 altari
884 3071 990 3132 genua
1025 3072 1157 3133 ponem,
1187 3050 1220 3112 in

169 3151 312 3212 oratione
340 3149 512 3226 modicum,
536 3157 569 3211 et
597 3158 751 3231 tanquam
774 3148 937 3213 Orationis
959 3150 1141 3215 Dominicae
1163 3174 1221 3236 per

168 3251 318 3335 spatium,
334 3249 390 3313 vix
405 3249 568 3313 remansit.
601 3248 666 3312 Sed
681 3249 789 3312 statim
804 3259 842 3313 ut
856 3251 1020 3314 eeclesiam
1034 3252 1219 3330 intraverat,

169 3353 252 3416 sicut
269 3352 441 3436 perhibent
458 3351 515 3435 qui
539 3360 713 3434 praesentes
734 3351 869 3414 fuerunt
888 3364 922 3416 et
937 3353 1097 3430 viderunt,
1121 3355 1222 3439 Regis

168 3455 322 3537 utrinque
344 3453 428 3515 naris
450 3453 604 3536 sanguine
627 3453 728 3538 coepit
749 3474 887 3530 manare,
904 3464 937 3516 et
960 3456 1114 3537 quamdiu
1136 3456 1221 3518 filius

168 3556 202 3617 in
232 3553 364 3616 ecclesia
389 3552 505 3628 fuerat,
533 3573 597 3614 non
626 3552 779 3630 cessavit3
818 3553 896 3615 adeo
923 3565 961 3616 ut
987 3555 1160 3618 assidentes
1189 3567 1222 3619 et

168 3655 275 3717 funeri
304 3654 517 3735 obsequentes
544 3674 579 3714 os
609 3661 643 3714 et
670 3652 785 3714 faciem
826 3653 954 3716 sudario
983 3655 1148 3739 detergere
1186 3679 1222 3719 ac

168 3777 304 3840 purgare
327 3754 384 3817 vix
412 3753 594 3817 valuissent.
641 3752 744 3838 Cujus
772 3762 881 3816 autem
916 3754 963 3816 rei
1000 3755 1128 3839 signum
1157 3758 1221 3820 sive

168 3866 355 3940 portentum
387 3856 448 3918 hoc
484 3876 551 3916 esse
581 3855 735 3938 potuerit,
771 3877 872 3938 quum
910 3878 1060 3940 expressa
1084 3861 1223 3935 vocent,2

169 3958 304 4042 diligens
326 3979 385 4041 per
410 3979 444 4020 se
469 3956 569 4018 lector
595 3957 749 4034 advertat,
772 3956 1011 4041 theoricumque
1035 3980 1054 4021 a
1082 3959 1222 4043 physicis

168 4060 336 4136 rationem,
350 4081 416 4142 quo
432 4057 508 4121 talia
523 4057 710 4142 contingant
725 4058 861 4142 impetu,
885 4058 995 4121 subtili
1018 4059 1222 4143 indagatione
1333 4057 1334 4060 ¹

170 4160 331 4242 exquirat.

275 4283 359 4354 aptio,
370 4284 427 4338 MS.
583 4285 593 4314 ²
612 4283 742 4348 Quidnam
755 4301 876 4363 expressa
888 4283 990 4338 docent.
1009 4285 1092 4354 Bouq.
