3000 5040
432 570 480 619 nn
506 567 773 620 msrauc‘noun
798 566 1014 618 romonum
1182 553 1243 616 149

604 820 685 884 Car.
702 819 840 885 XXVI.

193 972 246 1034 De
266 972 367 1054 pictis
392 979 423 1033 et
439 971 542 1054 fictis,
565 980 596 1034 et
618 970 737 1033 demum
760 971 963 1054 ignominioso
986 970 1086 1053 Regis
1110 969 1246 1034 Hearica'

605 1082 701 1135 morta
715 1081 833 1135 secuto.

236 1217 468 1283 Conrrounar
494 1219 666 1303 aliquando
689 1240 844 1284 cameram
865 1219 1125 1285 Wintoniensem
1148 1222 1394 1323 variis{25111550242121t

191 1320 391 1404 picturarum
412 1323 523 1406 figuris
546 1331 580 1385 et
601 1321 761 1384 coloribus
782 1332 991 1395 venustatam,
1007 1322 1113 1385 locum
1143 1345 1242 1406 quen·
1349 1309 1354 1322 ⁵

192 1423 264 1484 dam
279 1423 312 1484 in
328 1446 365 1486 ea
378 1446 513 1486 vacuum
527 1423 617 1506 regio
631 1423 780 1485 mandato
795 1422 954 1500 relictum,
967 1424 1024 1486 ubi
1039 1423 1243 1506 postmodum

192 1524 332 1607 aquilam
347 1524 477 1608 depingi
499 1524 597 1609 jussit
622 1533 655 1586 et
677 1534 816 1607 quatuor
839 1523 957 1607 aquilae
983 1522 1089 1607 pullos
1111 1525 1142 1588 ei
1167 1525 1244 1588 insi-

192 1625 313 1702 dentes,
330 1626 410 1688 duos
424 1627 482 1688 alis
505 1625 639 1702 duabus,
655 1636 688 1689 et
703 1625 835 1688 tertium
847 1625 989 1702 renibus,
1004 1637 1168 1709 parentem
1184 1649 1244 1690 un·

190 1725 309 1809 guibus
323 1737 356 1790 et
370 1727 480 1790 rostris
494 1727 722 1812 perfodientes,
740 1737 890 1810 quartum
915 1749 974 1790 nec
995 1727 1150 1790 minorem
1173 1727 1244 1791 aliis

190 1827 224 1889 in
254 1827 334 1891 collo
358 1828 549 1892 residentem
578 1839 611 1892 et
638 1829 780 1913 paternis
808 1829 911 1892 acrius
933 1827 1033 1891 oculis
1056 1828 1245 1892 effodiendis

189 1928 404 1993 insidiantem.
449 1930 640 2015 Requisitus
655 1942 762 1994 autem
789 1929 1037 1994 afamiliaribus
1061 1931 1126 1993 suis
1150 1931 1244 2015 quid-

188 2053 261 2093 nam
276 2031 346 2095 haec
360 2033 486 2116 pictura
497 2033 714 2117 portenderet,
731 2037 752 2068 “
765 2032 946 2110 Quatuor,”
957 2033 1074 2116 inquit,
1091 2038 1112 2068 “
1123 2033 1241 2117 aquilae

189 2133 281 2215 pulli,
307 2143 447 2217 quatuor
471 2134 530 2197 filii
556 2135 620 2199 mci
643 2145 729 2206 sunt,
757 2135 814 2220 qui
837 2157 889 2198 me
913 2156 1016 2218 usque
1041 2135 1082 2198 ad
1106 2145 1243 2198 mortem

189 2236 339 2318 persequi
351 2257 416 2298 non
431 2236 610 2300 cessabunt.
656 2236 805 2303 Quorum
819 2237 925 2300 minor
938 2247 1028 2313 natu,
1042 2258 1139 2319 quam
1154 2245 1244 2299 tanta

191 2335 360 2399 dilectione
375 2358 460 2399 nunc
473 2336 656 2420 amplector,
672 2336 753 2399 mihi
768 2337 908 2420 denique
923 2336 1018 2419 longe
1032 2335 1160 2418 gravius
1174 2335 1244 2399 aliis

190 2437 338 2500 omnibus
354 2447 386 2500 et
400 2435 620 2521 periculosius,
635 2459 866 2521 nonnunquam
878 2434 1077 2500 insultabit.’'

234 2538 410 2621 sicigitur
434 2537 538 2622 primo
560 2538 694 2600 interius
709 2538 835 2602 futuras
856 2559 914 2622 per
937 2537 1061 2621 prolem
1084 2558 1243 2600 aerumnas
1282 2567 1285 2571 <

189 2650 297 2703 mente
311 2662 453 2724 praesaga
475 2639 632 2703 malorum
658 2639 720 2702 sibi
743 2639 901 2723 depinxit.
947 2638 1074 2702 Deinde
1097 2638 1243 2702 exterius

189 2740 306 2803 mentis
320 2751 511 2826 conceptum
526 2739 716 2824 protrahens
730 2739 866 2803 artificio
889 2738 1020 2824 depingi
1042 2738 1129 2802 fecit.
1176 2737 1241 2803 Hic

189 2842 268 2905 mibi
291 2842 467 2906 notandum
488 2841 615 2905 videtur
637 2840 718 2903 illud
743 2841 895 2905 Michaeae
918 2841 1105 2926 prophetee3
1131 2841 1242 2905 Nolite

189 2944 314 3006 credere
328 2947 426 3007 amico
442 2953 473 3005 et
492 2942 588 3006 nolite
609 2943 761 3024 confidere
785 2943 819 3004 ia
838 2942 924 3019 duce,
941 2943 980 3006 ob
995 2965 1033 3005 aa
1048 2964 1114 3026 quae
1128 2943 1242 3006 dormit

188 3047 223 3106 ia
236 3047 307 3106 siau
322 3053 373 3108 tuo
389 3045 509 3106 custodi
523 3045 663 3107 claustro
678 3044 741 3106 oris
756 3044 803 3105 tut
811 3070 823 3118 ,·
839 3044 1012 3127 quiofilius
1027 3045 1242 3108 contumeb'om

180 3147 269 3226 facit
275 3146 464 3230 petrafitta
479 3146 636 3229 consurgit
650 3144 796 3207 adversus
810 3154 939 3209 matrem
954 3168 1157 3224 coamatores
1171 3169 1242 3210 coa-

189 3257 369 3311 tremorum
387 3269 484 3311 mom.
514 3246 643 3309 Inimici
653 3247 783 3309 barcinis
792 3247 949 3310 domestici
961 3249 1036 3331 ejus.
1083 3248 1241 3312 Naturam

188 3373 262 3414 vero
289 3350 443 3413 Johannis
471 3359 505 3414 et
533 3349 760 3434 proprietatem
790 3349 817 3412 si
852 3350 924 3434 quis
962 3350 1042 3413 scire
1071 3350 1240 3426 desiderat,

187 3475 284 3537 supra
305 3452 363 3516 ubi
388 3453 428 3515 de
443 3451 577 3515 Britone
597 3460 631 3513 et
653 3449 842 3534 Hybernico
855 3451 985 3513 mixtim
1000 3453 1116 3533 agitur,
1132 3452 1241 3534 requi·

187 3559 299 3617 ratur.¹
345 3553 400 3616 Ad
413 3552 484 3615 haec
499 3553 595 3615 etiam
611 3550 876 3634 comprehensum
890 3550 996 3613 suerat
1011 3552 1045 3613 in
1061 3553 1237 3628 concordia,

190 3654 275 3737 quod
286 3654 390 3716 filium
404 3674 497 3715 suum
511 3651 670 3714 Comitem
684 3649 902 3713 Pictavensem
919 3651 952 3712 in
963 3651 1071 3714 osculo
1086 3649 1238 3734 recipere,

189 3755 284 3839 eique
298 3755 377 3818 iram
394 3775 522 3824 omnem
543 3762 576 3815 et
598 3751 853 3834 indignationem
882 3774 924 3815 ex
954 3752 1048 3815 corde
1075 3752 1239 3816 remittere

187 3955 240 4006 suis
262 3952 368 4005 sentiret
388 3950 513 4031 angustiis
537 3958 562 4001 et
586 3948 688 4018 resipis-
738 3948 782 4000 the
818 3947 934 4000 imitated
969 3947 1048 4017 King,
1084 3948 1182 4000 furious
1211 3957 1238 4000 at

187 4022 283 4076 ceret.”
320 4021 362 4074 On
392 4021 496 4101 gaming
523 4019 687 4086 admittance‚
738 4017 791 4070 this
827 4016 951 4070 ill-timed
984 4017 1162 4087 interruption,
1191 4035 1238 4070 ex-

188 4091 272 4145 which
294 4090 356 4160 they
378 4090 423 4142 drd
443 4089 507 4141 with
557 4096 599 4141 est
622 4088 688 4140 diffi·
738 4086 855 4153 claimed,
869 4087 1011 4140 “Master!
1031 4086 1098 4139 their
1115 4087 1237 4139 mosterl

188 4163 268 4231 culty‚
310 4160 372 4229 they
400 4159 484 4228 began
544 4177 562 4228 y
597 4157 689 4227 saying
737 4157 802 4209 bave
820 4155 920 4225 been,l
941 4174 993 4223 am,
1012 4155 1062 4208 and
1082 4155 1095 4207 l
1114 4155 1167 4208 will
1187 4156 1238 4222 be;

188 4231 243 4285 that
268 4230 312 4283 the
337 4229 454 4282 Convent
478 4228 507 4280 of
528 4227 688 4296 Canterbury
738 4226 782 4278 the
794 4225 895 4278 traitors
907 4225 934 4279 !”
971 4226 1118 4293 GervasiuS,
1132 4230 1231 4279 1545„

189 4301 289 4353 desired
307 4299 373 4352 their
385 4298 449 4368 duty
461 4307 488 4350 to
506 4297 568 4362 him,
581 4314 609 4349 as
622 4295 688 4348 their
776 4297 782 4326 ¹
803 4295 868 4365 Top.
890 4314 915 4366 p.
938 4297 997 4350 753.
1035 4296 1083 4348 See
1107 4295 1162 4349 also
1185 4296 1238 4349 this

190 4370 261 4423 Lord
283 4371 333 4422 aad
364 4369 473 4421 Moster.
524 4367 688 4436 Whereupon
739 4365 817 4432 work,
830 4383 854 4435 p.
868 4368 910 4419 35.
