3000 5040
418 572 467 620 nu
492 567 759 622 msrnucrrous
785 567 998 620 eumenum
1172 556 1231 618 129

179 720 237 805 qui
260 721 359 805 spirat
382 722 438 784 ubi
453 721 532 798 vult,
557 732 590 784 et
610 720 705 784 corda
727 720 871 783 omnium
893 719 1109 801 inclinatque
1131 717 1232 781 vult.”

181 821 265 884 Nam
289 822 449 907 principes
474 823 556 886 tanti
585 845 650 886 non
679 823 783 885 inanis
808 821 920 905 gloriae
944 820 1092 904 appetitu
1120 818 1231 893 illecti,

178 945 242 985 non
257 925 382 987 inducti
396 924 512 1008 pretio,
528 947 593 987 nou
607 924 756 1008 precibus
770 922 916 999 excitati,
933 923 988 986 sed
1003 922 1071 984 solo
1083 943 1231 1004 supernas

178 1025 400 1088 retributionis
429 1026 586 1088 desiderio
614 1046 673 1108 per
701 1019 811 1088 Deum
836 1035 870 1086 et
896 1033 1028 1108 propter
1058 1021 1165 1086 Deum
1193 1023 1236 1085 ad-

179 1127 327 1190 militiam
342 1126 572 1210 accingimtur,¹
586 1137 647 1189 etc.
693 1126 877 1208 Antiquum
891 1125 973 1188 illud
987 1135 1021 1190 et
1034 1123 1233 1188 inexorabile

181 1228 291 1291 odium
315 1229 402 1311 quod
432 1239 542 1290 eontra
565 1227 700 1291 Latinos
723 1226 833 1289 Graeci
856 1226 979 1288 dudum
1008 1236 1231 1310 conceperant,

181 1339 279 1393 tenax
308 1330 464 1391 successio
493 1339 675 1413 temporum
703 1327 879 1391 transfudit
905 1328 938 1391 in
967 1336 1122 1411 posteros.
1169 1326 1234 1390 Sed

182 1430 208 1492 si
238 1431 385 1494 odiorum
414 1430 515 1492 fomes
543 1441 576 1493 et
609 1429 691 1493 ratio
721 1428 890 1512 quaeritur,
919 1449 985 1491 non
1008 1439 1092 1491 esset
1118 1427 1233 1491 vitium

184 1533 209 1594 si
235 1554 299 1594 non
323 1532 445 1595 ratione
471 1545 610 1609 careret3
633 1532 694 1594 hoc
717 1541 825 1594 tamen
853 1551 912 1615 pro
937 1551 1031 1592 causa
1056 1540 1236 1592 constanter

184 1633 336 1695 inducere
364 1655 544 1717 possumus,
575 1633 663 1717 quod
692 1654 766 1695 eum
795 1631 904 1695 Latini
934 1631 1094 1695 sententia
1119 1632 1239 1716 pariter

187 1745 220 1796 et
242 1735 336 1797 armis
358 1735 503 1812 floreant,
517 1734 566 1796 illi
589 1757 623 1797 se
645 1755 776 1820 prorsus
800 1733 918 1796 inscios
944 1744 978 1796 et
996 1731 1142 1796 imbelles
1165 1755 1239 1795 con-

187 1837 336 1921 spiciunt,
361 1847 395 1899 et
415 1836 489 1899 hinc
516 1837 582 1900 odii
606 1847 735 1921 sumpto
756 1835 869 1899 fomite
892 1834 1004 1898 alienis
1025 1834 1119 1898 bonis
1140 1834 1241 1898 invidi
1350 1835 1353 1841 ’

187 1939 424 2001 contabescunt.
472 1937 562 2000 Gens
582 1937 714 2022 perfida,
730 1935 895 2020 generatio
909 1958 1049 2020 nequam
1064 1947 1097 1999 et
1112 1936 1242 1998 omuino

188 2037 392 2122 degenerem,
417 2062 492 2124 quae
522 2050 643 2123 quanto
672 2038 828 2102 illustrior
858 2037 980 2115 extitit,
1008 2047 1098 2101 tanto
1121 2036 1245 2100 vilescit

188 2139 354 2224 insignius,
382 2164 455 2204 cum
482 2163 597 2204 aurum
622 2140 657 2202 in
686 2139 820 2202 scoriam
849 2138 1021 2215 transierit,
1046 2161 1181 2222 granum
1210 2137 1244 2200 iu

188 2241 323 2324 paleam,
339 2244 462 2328 puritas
484 2243 519 2304 in
539 2242 663 2318 faecem,
679 2241 781 2326 gloria
802 2240 836 2304 in
857 2240 1088 2305 confusionem.
1136 2239 1245 2303 Multa

192 2343 282 2405 Graii
307 2354 430 2406 veteres
460 2354 494 2406 et
521 2343 616 2406 armis
645 2342 785 2427 aggressi
811 2352 845 2405 et
871 2342 986 2405 studiis
1015 2342 1162 2418 assecuti,
1190 2340 1246 2403 sed

190 2443 293 2505 omnis
314 2443 368 2506 ille
383 2444 541 2508 virtutum
561 2445 667 2507 fervor
689 2443 819 2507 refrixit
833 2443 867 2505 in
881 2441 1017 2526 posteris
1032 2452 1066 2504 et
1086 2442 1118 2504 in
1135 2443 1247 2505 orbem

192 2542 346 2606 Latinum
375 2545 543 2628 migravit3
573 2557 611 2608 ut
640 2545 794 2628 quiante
823 2544 940 2619 fontes,
963 2566 1049 2607 nunc
1078 2544 1174 2608 rivuli
1196 2545 1247 2609 vel

191 2646 301 2730 potius
316 2647 398 2709 alvei
412 2659 537 2710 arentes
552 2659 586 2710 et
600 2646 761 2710 exhausti.
806 2645 978 2710 Virtutum
1000 2646 1160 2729 siquidem
1175 2669 1247 2709 suc-

191 2770 295 2810 cessor
306 2748 425 2826 nullus,
439 2749 593 2812 scelerum
607 2749 720 2825 omnis,
733 2771 806 2811 nam
823 2747 951 2810 Sinonis
960 2747 1124 2836 figmenta,
1137 2747 1247 2810 Ulixis

192 2850 360 2926 fallaciam,
390 2851 485 2914 Atrei
507 2851 719 2927 atrocitatem,
749 2850 901 2914 retinent.
947 2848 1048 2914 Quod
1077 2849 1103 2911 si
1134 2849 1244 2912 Graeci

191 2951 307 3014 militia
326 2953 494 3035 quaeritur,
511 2965 579 3016 arte
602 2976 666 3016 non
683 2953 779 3017 armis
802 2951 948 3027 dimicat3
973 2951 1000 3014 si
1022 2951 1111 3027 fides,
1128 2951 1249 3013 amicus

192 3054 294 3130 obest,
310 3053 459 3125 inimicus
474 3055 584 3118 obesse
599 3077 664 3118 nou
679 3065 798 3141 potest.
845 3053 936 3116 Gens
950 3053 1012 3116 ista
1027 3075 1100 3115 cum
1121 3050 1156 3114 in
1170 3052 1247 3115 locis

191 3155 381 3238 supradictis
417 3167 600 3220 nostrorum
629 3157 798 3220 transitum
824 3155 979 3238 impedire
1010 3175 1076 3216 non
1104 3163 1246 3238 possent,

193 3256 280 3338 quod
304 3258 414 3340 potuit
438 3258 526 3322 fecit.
581 3257 717 3339 Indigne
743 3257 851 3320 cuncti
874 3255 915 3318 ad
938 3266 1091 3320 montana
1116 3265 1247 3317 conten-

191 3357 283 3434 dunt,
313 3358 474 3422 venalium
502 3358 615 3422 solatia
644 3359 849 3435 subtrahunt,
888 3357 969 3419 lares
1003 3378 1128 3431 vacuas,
1158 3356 1245 3419 omni

190 3470 296 3522 amota
308 3460 512 3543 supellectili,
527 3461 670 3522 venturis
683 3460 883 3543 relinquunt.

192 3631 354 3701 stantinople‚
368 3648 421 3683 was
432 3629 552 3682 followed
563 3629 599 3698 by
615 3645 691 3680 seven
741 3627 829 3698 Ampl.
852 3628 919 3681 coll.
932 3646 956 3682 v.
973 3647 999 3699 p.
1017 3630 1078 3684 573.
1115 3629 1164 3681 See
1185 3630 1247 3682 also

191 3699 266 3752 bisho
284 3697 692 3769 s(antistites),ouearehbishop‚
742 3698 848 3766 Geoffry
866 3698 897 3750 de
914 3697 1050 3766 Vinescuf,
1068 3716 1094 3769 p.
1111 3699 1172 3766 267,
1190 3699 1241 3752 and

192 3778 243 3820 two
263 3717 352 3835 dukes,
368 3768 488 3821 nineteeu
509 3776 609 3834 munte,
622 3765 693 3818 three
741 3766 793 3821 this
805 3767 883 3833 work,
895 3766 938 3820 eh.
950 3768 1008 3821 xxi.

192 3838 341 3918 marquises,
353 3837 426 3890 three
443 3836 571 3890 thousand
588 3836 693 3905 knights
777 3835 933 3890 ¹Cresarem
970 3876 977 3890 .
1015 3877 1021 3891 .
1055 3836 1244 3906 accingrmtu13

193 3907 324 3977 (milites),
340 3907 391 3960 and
409 3907 497 3960 about*
511 3905 599 3976 eighty
618 3905 693 3958 thou·
739 3905 807 3958 from
826 3905 866 3958 De
886 3905 1020 3974 Vinesaul]
1042 3924 1067 3976 p.
1088 3909 1148 3960 260.
1187 3905 1244 3958 The

192 3976 257 4029 send
298 3977 328 4029 of
366 3994 381 4029 a
421 3977 511 4030 mixed
546 3974 694 4030 multitude.
741 3984 793 4028 rest
814 3975 844 4027 of
869 3974 913 4028 the
934 3975 1039 4045 chapter
1067 3976 1090 4028 is
1120 3974 1243 4044 abridged

194 4046 289 4100 Chron.
315 4047 401 4101 Terras
430 4047 517 4101 Senot.
529 4065 537 4112 ;
566 4045 693 4111 Martem,
741 4045 808 4098 from
819 4043 863 4098 the
875 4061 946 4098 same
958 4045 1057 4112 author,
1070 4063 1095 4116 p.
1110 4047 1170 4098 261.
