3000 5040
167 467 281 560 arat]
409 489 459 540 nn
484 489 749 540 marrucrroua
769 490 989 542 rnrucnun.
1163 479 1224 541 189

185 682 190 689 -
214 639 370 703 Processu
392 661 468 703 vero
494 638 647 724 temporis
675 640 827 723 quoniam
850 661 970 702 uxores
996 640 1035 703 de
1057 639 1225 724 Hybernia

169 741 231 805 sibi
246 740 351 804 vicina
376 741 547 818 duxerant,
563 763 643 825 quas
666 763 685 803 a
705 740 894 804 Britonibus
915 741 1032 804 habere
1052 763 1117 804 non
1134 752 1225 824 pote-

170 853 253 920 rant,
275 853 405 927 gentem
428 841 658 927 Hybemicam,
676 865 750 926 quae
773 854 806 906 et
827 842 937 906 Scotia
958 842 1085 917 dicitur,
1109 842 1170 906 sibi
1192 842 1226 905 in

171 945 367 1008 consortium
388 943 591 1020 allexerunt3
615 950 804 1028 partemque
825 954 919 1007 terrae
945 955 1109 1028 occupatae
1131 944 1226 1006 mari-

172 1045 282 1110 timam
295 1067 429 1129 suaeque
445 1045 571 1129 patriae,
587 1045 645 1108 ubi
669 1068 755 1108 mare
777 1054 959 1128 angustum,
983 1044 1224 1129 proximiorem,

173 1169 248 1231 quae
278 1157 312 1210 et
340 1145 519 1210 Galweidia
545 1146 674 1223 dicitur,
698 1147 738 1209 ad
767 1145 977 1210 habitandum
1008 1146 1225 1209 contulerunt.

174 1248 243 1313 Ubi
271 1259 305 1312 et
330 1246 497 1310 unanimes
525 1248 730 1331 postmodum
760 1248 801 1310 ad
828 1247 979 1311 Britones
1008 1248 1225 1312 infestandum

177 1361 211 1413 et
224 1349 304 1412 fines
319 1371 394 1412 suos
408 1349 608 1413 dilatandum
624 1360 700 1413 sunt
714 1351 832 1416 effecti.
874 1414 878 1419 .

217 1450 269 1514 De
293 1450 413 1535 quibus
433 1460 467 1514 et
492 1449 606 1514 Gildas
630 1451 810 1530 historicus,
837 1453 876 1516 de
901 1455 1027 1518 excidio
1055 1454 1226 1518 Britonum

174 1562 313 1616 tractans
349 1552 395 1615 ait
408 1553 430 1616 :¹
467 1551 632 1615 “Exinde
662 1552 830 1616 Britannia
859 1554 946 1617 omni
975 1565 1096 1618 armato
1124 1554 1226 1617 milita

175 1651 329 1718 destituta
365 1663 463 1736 atque
498 1652 603 1717 valida
631 1654 804 1737 juventute
838 1655 931 1738 regni
967 1656 1113 1740 spoliata,
1151 1678 1225 1739 quae

174 1755 394 1839 supradictum
420 1765 591 1838 tyrannum
610 1753 760 1818 comitata
786 1755 916 1818 domum
944 1779 1112 1840 nunquam
1140 1757 1226 1820 ultra

174 1856 279 1920 rediit.
324 1855 398 1919 Jam
418 1855 521 1919 omnis
539 1855 617 1918 belli
639 1878 716 1919 usus
738 1878 868 1940 prorsus
881 1857 1001 1939 ignara,
1019 1858 1143 1921 duabus
1160 1859 1226 1942 pri-

173 1979 263 2020 mum
285 1957 437 2042 gentibus
457 1956 663 2021 vehementer
687 1957 790 2034 saevis,
811 1955 977 2022 Pictorum
1000 1959 1040 2022 ab
1064 1959 1225 2044 aquilone,

176 2057 346 2123 Scotorum
358 2058 534 2135 acircione,
546 2059 686 2144 opprimi
698 2058 800 2143 coepit
814 2069 849 2123 et
862 2059 1006 2124 calcari.’'
1018 2063 1031 2100 ²

219 2159 320 2224 Porro
346 2160 386 2223 de
413 2159 578 2223 Pictorum
604 2170 701 2243 gente
723 2159 885 2244 pervalida
906 2171 981 2245 post
1003 2171 1053 2225 tot
1077 2162 1224 2226 victorias

176 2259 315 2344 qualiter
328 2260 460 2324 evanuit
473 2261 632 2324 succincte
648 2260 799 2325 dicemus.

218 2359 384 2447 Occupata
394 2372 433 2425 ut
448 2361 590 2426 diximus
606 2384 624 2425 a
640 2361 823 2425 Saxonibus
837 2361 952 2441 insula,
968 2364 1141 2450 stabilique
1152 2389 1224 2431 cum

175 2459 276 2527 Pictis
301 2485 379 2548 pace
401 2463 536 2542 firmata,
560 2461 650 2527 Scoti
672 2463 730 2548 qui
754 2463 853 2528 Pictis
875 2463 1031 2550 adjuncti,
1054 2477 1087 2530 et
1113 2469 1152 2531 ab
1179 2469 1224 2533 eis

173 2565 214 2629 ad
230 2576 347 2630 terram
364 2566 606 2631 inhabitandam
620 2565 764 2629 accersiti
778 2565 917 2642 fuerant,
944 2567 1088 2633 videntes
1104 2559 1223 2645 Pictos,

175 2691 370 2753 quamquam
391 2679 524 2755 propter
549 2668 737 2731 affinitatem
767 2667 935 2732 Hiberniae
958 2671 1025 2754 jam
1047 2671 1224 2755 pauciores,

173 2771 268 2854 longe
290 2767 397 2834 tamen
413 2769 508 2833 armis
523 2779 556 2832 et
570 2768 771 2832 animositate
794 2769 1043 2854 praestantiores,
1060 2773 1100 2836 ad
1115 2774 1223 2838 solitas

174 2882 208 2935 et
242 2881 395 2955 tanquam
429 2871 489 2934 sibi
525 2871 651 2934 innatas
680 2871 917 2956 praedictiones,
944 2873 1063 2956 quibus
1099 2877 1224 2939 caeteris

173 2972 369 3058 praeminent
402 2971 564 3056 gentibus,
598 2983 812 3036 recurrerunt.
858 2973 1120 3060 Convocatosque
1154 2988 1224 3040 tan-

174 3096 271 3160 quam
293 3073 334 3137 ad
356 3072 536 3137 convivium
558 3083 720 3157 magnates
745 3073 910 3138 Pictorum
933 3088 1075 3157 cunctos,
1099 3089 1225 3162 captata

172 3187 239 3240 tam
268 3175 331 3240 cibi
361 3198 458 3260 quam
486 3185 583 3259 potus
613 3174 743 3260 crapula
773 3185 806 3238 et
834 3175 1087 3262 ingurgitatione
1116 3179 1223 3244 forsan

172 3277 281 3357 nimia,
305 3289 338 3342 et
357 3276 598 3362 opportunitate
618 3287 738 3354 notata,
765 3277 925 3342 clavorum
947 3281 1146 3345 extractione
1168 3282 1225 3365 qui

173 3378 317 3442 tabulata
331 3380 495 3455 tenebant,
510 3378 546 3441 in
564 3379 739 3442 bancorum
755 3377 982 3443 concavitatem
1004 3381 1122 3464 quibus
1136 3384 1226 3445 sede-

171 3470 261 3556 bant,
281 3479 362 3542 mira
382 3478 529 3562 decipula
549 3477 674 3561 poplite
694 3487 800 3552 tenus,
820 3477 867 3540 ita
887 3479 975 3563 quod
989 3503 1022 3544 se
1041 3481 1225 3544 nullatenus

172 3581 295 3666 erigere
324 3588 466 3664 possent,
492 3577 706 3641 communiter
734 3577 879 3662 undique
908 3579 1023 3665 lapsos,
1059 3581 1225 3646 desubito's

173 3682 304 3767 quidem
333 3690 366 3744 et
392 3677 590 3763 improvisos,
613 3699 672 3742 nec
695 3677 735 3740 ab
764 3678 914 3743 affinibus
936 3691 970 3744 et
998 3681 1225 3747 confoederatis

172 3805 296 3868 suoque
321 3781 479 3846 beneficio
498 3779 695 3844 confeodatis
712 3788 745 3841 et
762 3779 921 3844 bellorum
937 3783 1031 3846 sociis
1052 3785 1224 3868 quicquam

172 3884 234 3948 tale
248 3885 410 3961 timentes,
426 3883 535 3946 statim
550 3882 792 3947 trucidaverunt
812 3883 986 3948 universos.
1047 3886 1100 3948 Sic
1113 3887 1224 3971 itaque

174 3986 213 4050 de
238 3985 364 4050 duobus
392 3984 521 4069 populis
549 4006 627 4068 gens
654 3983 838 4048 bellicosior
865 3995 899 4049 et
926 3986 1060 4051 validior
1083 3988 1224 4052 totaliter

172 4087 322 4164 evanuit,
346 4087 446 4151 altera
460 4109 535 4152 vero
550 4087 644 4171 longe
660 4085 762 4149 modis
779 4086 929 4152 omnibus
941 4088 1055 4174 impar,
1071 4099 1225 4174 tanquam

208 4234 306 4335 :Hist
320 4234 413 4303 Gilda,
426 4234 440 4316 ξ
455 4238 496 4289 10.
723 4249 851 4355 passages·
873 4236 939 4290 from
969 4237 1068 4306 Gildas,
1099 4239 1183 4293 which
1211 4239 1224 4291 1

235 4303 292 4358 The
304 4303 396 4358 author
412 4314 476 4358 cites
495 4305 556 4359 here
574 4301 672 4357 several
743 4320 789 4357 ave
801 4306 918 4361 omnted.
