3000 5040
273 461 337 523 126
588 475 768 526 ominus
793 475 1018 526 onusnnnsrs

271 622 423 687 infundat
436 625 614 688 orationem
631 647 722 690 suam
738 647 836 709 super
852 626 1027 710 propbetas
1042 647 1127 701 suos,
1144 636 1178 688 et
1191 625 1332 688 maxime

271 726 498 790 instructorem
526 737 683 804 nostrum,
713 727 870 790 nuncium
910 750 1006 790 suum
1036 727 1230 791 Mahumetb
1258 750 1332 812 pro-

269 829 410 912 phetam,
438 851 535 912 quem
563 829 652 892 misit
680 851 739 914 pro
766 830 965 892 correctione
991 839 1090 893 rectae
1118 828 1209 912 legis,
1234 849 1331 912 quam

270 931 368 994 faciet
382 953 535 1015 apparere
550 953 648 1015 super
663 940 794 994 cunctas
808 931 896 1014 leges
909 955 963 994 :—

315 1039 336 1068 “
347 1032 469 1096 Actum
485 1043 601 1096 notum
617 1033 771 1096 facimus¹
791 1032 879 1115 Regi
896 1033 1030 1109 sincero,
1050 1032 1188 1118 potenti,
1203 1055 1330 1116 magno,

270 1136 382 1211 amice,
409 1134 579 1210 amicabili,
607 1134 693 1218 Regi
723 1133 919 1211 Almanniae,
947 1135 1034 1218 quod
1063 1134 1195 1218 quidam
1221 1134 1330 1211 homo,

272 1235 433 1300 Hemicus
458 1236 600 1313 nomine,
622 1237 712 1300 venit
734 1236 775 1300 ad
802 1258 861 1299 nos
883 1236 1002 1313 dicens,
1026 1259 1059 1299 se
1086 1236 1242 1300 nuncium
1256 1258 1332 1299 ·ves·

271 1347 357 1401 trum
372 1361 458 1417 esse;
484 1349 517 1402 et
531 1337 649 1402 detulit
668 1338 762 1401 nobis
777 1338 938 1421 quandam
956 1338 1098 1401 chartam
1114 1337 1226 1422 [quam
1246 1338 1331 1401 dixit

271 1462 339 1503 esse
357 1450 503 1504 vestram.
558 1438 627 1502 Nos
650 1439 786 1503 fecimus
811 1440 876 1524 legi
897 1440 1039 1504 chartam
1047 1439 1075 1524 ²]
1096 1459 1130 1504 et
1149 1441 1330 1504 audivimus

271 1564 346 1604 eum
360 1541 431 1604 viva
450 1564 526 1605 voce
549 1541 748 1624 loquentem,
769 1552 803 1606 et
816 1542 921 1606 verbis
944 1565 1018 1625 quae
1037 1566 1092 1606 ore
1114 1543 1209 1621 dixit,
1225 1543 1330 1606 verbis

270 1643 511 1726 respondimus3
535 1645 592 1706 sed
605 1644 666 1707 hoc
677 1654 726 1707 est
740 1667 928 1729 responsum
940 1655 1047 1708 cartae.
1093 1645 1193 1712 Quod
1207 1645 1234 1708 si
1245 1668 1330 1709 com-

271 1745 392 1828 putatis
415 1768 469 1808 eos
492 1746 550 1828 qui
569 1745 735 1810 vobiscum
755 1747 957 1811 ,concordant
970 1747 1119 1810 veniendi
1139 1769 1236 1832 super
1260 1770 1329 1824 nos,

272 1854 306 1908 et
332 1845 504 1909 nominatis
534 1869 588 1910 eos
618 1847 747 1926 dicens3
783 1848 861 1910 Rex
881 1847 955 1911 talis
984 1858 1091 1924 terrae,
1117 1860 1151 1913 et
1179 1850 1258 1913 Rex
1285 1849 1330 1912 al·

272 1946 373 2009 terius
402 1957 508 2024 terrae,
543 1959 577 2011 et
605 1970 711 2011 comes
742 1947 824 2025 talis,
855 1959 888 2012 et
918 1949 999 2012 tales
1027 1949 1270 2035 archiepiscopi,
1296 1961 1330 2014 et

272 2048 470 2112 marchiones
487 2058 521 2112 et
541 2049 681 2129 milites3
705 2059 739 2113 et
764 2050 792 2112 si
813 2073 872 2113 nos
893 2050 1048 2115 vellemus
1071 2074 1257 2116 enumerare
1275 2075 1329 2115 eos

273 2151 331 2233 qui
346 2150 470 2214 suntin
485 2162 594 2215 nostro
610 2152 750 2229 servitio,
766 2154 872 2236 etqui
895 2165 972 2217 sunt
993 2153 1198 2217 intendentes
1219 2165 1330 2218 nostro

272 2264 446 2338 praecepto,
473 2264 507 2318 et
531 2255 674 2339 prompti
696 2265 807 2319 nostro
826 2255 976 2333 sermoni,
1001 2266 1035 2319 et
1061 2257 1118 2340 qui
1142 2256 1330 2319 dimicarent

272 2377 377 2418 coram
400 2356 518 2419 nostris
532 2357 691 2434 manibus,
714 2379 780 2420 non
799 2369 909 2441 posset
924 2358 986 2422 hoc
1008 2357 1043 2420 in
1066 2358 1192 2442 scriptis
1213 2357 1328 2441 redigi.

272 2456 319 2520 Et
348 2457 375 2520 si
405 2457 661 2521 Christianorum
689 2459 883 2543 computatis
911 2460 1052 2536 nomina,
1083 2459 1328 2522 sarracenorum

272 2569 348 2622 sunt
374 2558 468 2643 plura
496 2571 530 2623 et
556 2559 651 2644 plura
687 2559 904 2623 abundantius
934 2583 1031 2644 quam
1062 2560 1327 2624 Christianorum.

271 2660 318 2724 Et
341 2661 368 2724 si
394 2661 479 2724 inter
500 2683 556 2724 vos
582 2671 616 2724 et
637 2682 690 2724 eos
709 2683 790 2744 quos
811 2660 999 2725 nominastis
1020 2661 1216 2725 Christianos
1242 2684 1329 2724 mare

272 2773 330 2841 est,
357 2763 443 2827 inter
469 2762 659 2827 Sarracenos
685 2763 743 2846 qui
767 2784 833 2826 non
858 2773 994 2847 possunt
1017 2763 1169 2827 aestimari
1191 2785 1256 2827 non
1281 2773 1330 2828 est

271 2889 357 2930 mare
379 2865 537 2929 internos
552 2875 586 2928 et
601 2887 666 2942 eos,
689 2885 749 2928 nec
770 2864 876 2928 ullum
896 2865 1167 2949 impedimentum
1180 2865 1329 2929 veniendi

271 2970 312 3033 ad
326 2991 393 3031 nos
425 2969 472 3032 Et
486 2967 653 3030 nobiscum
668 2978 745 3029 sunt
759 2964 937 3044 Bedewini,
954 2989 1035 3049 quos
1051 2966 1079 3030 si
1093 2988 1329 3051 opponeremus

271 3069 409 3132 inimicis
423 3067 550 3142 nostris,
567 3066 751 3129 sufficerent
763 3091 771 3143 3
796 3075 829 3128 et
845 3067 1077 3144 Turkemanni‚
1091 3067 1212 3150 quossi
1227 3067 1330 3130 effun-

272 3172 418 3235 deremus
440 3191 536 3252 super
556 3167 665 3230 hostes
686 3177 821 3243 nostros,
837 3167 1040 3229 destruerent
1055 3189 1129 3244 eos3
1163 3178 1196 3230 et
1216 3167 1330 3232 rustici

271 3272 382 3349 nostri,
399 3271 456 3355 qui
472 3269 660 3333 dimicarent
674 3277 814 3344 strenue,
831 3268 858 3330 si
876 3268 1076 3351 juberemus,
1093 3279 1203 3331 contra
1217 3280 1329 3352 gentes

273 3397 347 3458 quae
362 3385 507 3438 venturae
526 3357 602 3435 sunt
623 3383 720 3456 super
742 3381 860 3433 terram
878 3377 1029 3447 nostram,
1046 3380 1080 3432 et
1094 3369 1275 3446 ditarentur
1291 3372 1330 3434 de

272 3477 328 3554 eis,
342 3487 375 3540 et
389 3475 642 3540 exterminarent
653 3496 716 3537 eas.
746 3472 793 3536 Et
805 3471 977 3556 quomodo,
988 3494 1047 3534 nos
1057 3471 1213 3534 habemus
1221 3473 1331 3536 nobis·

272 3600 345 3642 cum
362 3577 517 3640 Soldanos
531 3575 710 3651 bellicosos,
722 3597 781 3659 per
793 3597 873 3658 quos
889 3585 1005 3637 terram
1021 3583 1163 3658 apertam
1173 3574 1330 3638 habemus

272 3691 306 3744 et
320 3681 521 3764 acquisitam,
537 3689 571 3742 et
585 3687 789 3764 expugnatos
803 3677 949 3741 inimicos
961 3703 969 3755 3
993 3677 1076 3740 ethi
1097 3699 1206 3741 omnes
1221 3676 1330 3761 Reges

273 3782 482 3868 Paganissimi
504 3804 569 3844 non
584 3781 768 3856 tardabunt,
785 3791 858 3843 cum
873 3802 927 3842 eos
948 3779 1249 3855 summonuerimus,
1265 3802 1330 3842 non

271 3885 483 3947 morabuntur
499 3905 572 3946 cum
587 3905 641 3945 eos
655 3881 882 3945 vocaverimus.
926 3879 1043 3942 Et‘vos
1058 3903 1132 3943 cum
1146 3881 1330 3964 congregati

271 3986 410 4062 fueritis,
431 3985 515 4047 siout
536 3993 623 4046 carta
644 3992 749 4046 vestra
772 3981 860 4058 dicit,
885 3991 918 4044 et
941 3982 1060 4045 ducens
1077 3982 1329 4060 multitudinem,

272 4083 356 4145 sicut
370 4082 504 4145 nuntius
514 4090 620 4143 vester
633 4090 751 4154 narrat,
764 4078 965 4143 obviabimus
975 4079 1066 4142 vobis
1080 4102 1139 4163 per
1152 4079 1330 4163 potentiam

272 4183 355 4260 Dei;
378 4205 437 4246 nec
459 4183 598 4249 sufficiet
612 4181 703 4243 vobis
725 4189 810 4243 terra
831 4179 903 4257 ista,
921 4182 997 4263 quae'
1019 4190 1068 4243 est
1089 4180 1259 4258 maritima,
1273 4180 1330 4242 sed

482 4316 491 4346 ¹
510 4314 571 4369 Om.
583 4313 710 4366 Marteue.
956 4311 966 4341 ²
984 4311 1044 4365 Om.
1058 4310 1116 4363 MS.
