3000 5040
183 481 294 571 arnt]
416 501 465 550 nn
493 496 760 550 rnsraucmonu
786 495 999 549 emmenum.
1174 479 1235 547 193,

181 645 269 709 cruci
286 645 459 730 impressae,
475 645 612 708 interius
629 645 669 708 ad
692 645 832 729 lapidem
856 668 955 708 versae
981 643 1125 723 fuerunt,
1142 656 1180 708 ut
1202 655 1241 708 et

182 758 259 810 tunc
279 747 432 831 temporis
447 747 535 830 quod
559 747 746 810 continebat
760 747 968 823 occultarent,
986 758 1018 811 et
1042 747 1235 830 quandoque

181 858 289 912 tamen
303 872 362 934 pro
376 849 455 912 locis
471 860 505 911 et
520 849 719 932 temporibus
734 849 768 912 id
783 848 998 933 propalarent.

226 951 312 1016 Quae
338 972 424 1013 nunc
450 960 559 1013 autem
585 950 754 1013 Glastonia
780 949 909 1027 dicitur,
932 951 1113 1034 antiquitus
1133 951 1239 1014 ihsula

183 1051 352 1115 Avallonia
377 1053 553 1115 dicebatur.
591 1051 661 1114 Est
685 1052 769 1117 enim
799 1052 891 1136 quasi
916 1053 1021 1116 insula
1050 1063 1119 1116 tota
1147 1053 1238 1137 palu·
1272 1060 1275 1065 ’

180 1155 275 1219 dibus
302 1155 417 1232 obsita,
450 1155 536 1217 unde
566 1154 652 1218 dieta
689 1167 738 1218 est
767 1155 964 1233 Britannice,
1001 1155 1238 1234 Inis-Avalon,1

179 1257 292 1334 idest,
314 1256 419 1319 insula
442 1256 611 1338 pmnffera.
657 1255 768 1319 Pomis
792 1256 888 1333 enim,
915 1279 989 1340 quae
1013 1257 1090 1320 anal
1109 1258 1239 1322 Britan-

174 1359 252 1422 ·nica
290 1358 403 1442 lingua
439 1356 601 1435 dicuntur,
629 1356 719 1419 locus
756 1357 811 1420 ille
846 1359 1008 1441 quondam
1044 1360 1236 1424 abundabat.

182 1459 277 1523 Unde
300 1470 334 1522 et
351 1458 529 1542 Morganis,
545 1457 663 1521 nobilis
677 1468 824 1522 matrona
838 1469 872 1522 et
885 1460 1026 1544 partium
1039 1460 1166 1523 illarum
1181 1462 1238 1524 do-

180 1561 335 1625 minatrix
350 1573 449 1644 atque
464 1570 610 1644 patrona,
626 1581 751 1622 necnon
771 1570 805 1623 et
819 1559 966 1624 Arthuro
982 1561 1068 1645 Regi
1082 1562 1237 1646 sanguine

180 1663 374 1748 propinqua,
390 1672 464 1745 post
478 1660 600 1724 bellum
616 1660 654 1723 de
671 1657 843 1739 Kemelen,¹
858 1660 1052 1740 Arthurum,
1069 1664 1109 1726 ad
1124 1686 1237 1727 sanan·

181 1765 258 1828 dum
290 1764 434 1853 ejusdem
457 1763 601 1838 vulnera,
627 1762 662 1825 in
684 1762 822 1826 insulam
854 1785 929 1846 quae
959 1786 1045 1829 nunc
1069 1764 1239 1830 Glastonia

180 1867 299 1930 dicitur
325 1866 517 1951 deportavit.
574 1864 671 1928 Dicta
697 1887 827 1948 quoque
866 1867 1028 1948 quondam
1050 1867 1236 1932 Britannice

181 1967 374 2032 Inis-vitrin2
395 1967 513 2045 fuerat,
531 1966 592 2029 hoc
615 1977 673 2044 est,
698 1966 803 2029 insula
823 1968 936 2030 vitrea.
981 1968 1037 2030 Ex
1059 1990 1124 2050 quo
1146 1992 1238 2032 voca-

180 2069 255 2133 bulo
268 2070 531 2154 supervenientes
542 2079 654 2154 postea
669 2068 815 2132 Saxones
826 2067 933 2132 locum
948 2069 1041 2133 illum
1055 2071 1236 2154 Glastlape·

179 2172 249 2233 buri
262 2173 471 2236 vocitabant.³
516 2171 596 2234 Glas
621 2170 707 2234 enim
722 2170 834 2254 lingua
854 2192 966 2233 eorum
988 2173 1104 2233 vitrum
1132 2183 1236 2252 sonat,

179 2283 213 2335 et
226 2273 311 2357 bury
326 2281 462 2336 castrum
476 2271 527 2336 vel
542 2274 656 2335 civitas
671 2271 862 2355 appellatur.

223 2373 398 2437 Sciendum
427 2373 525 2436 etiam
554 2373 643 2457 quod
670 2395 740 2435 ossa
771 2383 901 2458 reperta
929 2374 1071 2458 corporis
1094 2374 1233 2439 Arthuri

179 2486 245 2540 tam
259 2469 392 2560 grandia
412 2475 557 2553 fuerunt,
573 2484 661 2538 utet
682 2473 765 2537 illud
787 2484 894 2561 poetae
911 2477 1106 2561 completum
1126 2477 1162 2542 in
1182 2478 1233 2542 his

178 2579 281 2642 videri
294 2588 420 2664 posset:

353 2703 372 2733 “
380 2703 545 2773 Grandiaque
556 2701 656 2755 effossis
665 2701 799 2755 mirabitur
810 2720 868 2756 osse
879 2703 1051 2794 sepulchris.”

222 2815 268 2879 Os
283 2815 369 2880 enim
392 2814 484 2878 tibiae
510 2813 611 2898 ipsius
635 2813 818 2899 appositum
836 2813 957 2898 [tibiae]
974 2816 1152 2900 longissimi
1171 2818 1231 2882 viri

177 2917 250 2994 loci,
267 2940 364 3000 quem
386 2926 420 2979 et
441 2915 535 2979 nobis
557 2915 654 2977 abhas
676 2915 827 2992 ostendit,
844 2927 878 2978 et
886 2918 986 3001 juxta
999 2917 1115 3001 pedem
1135 2929 1230 2982 terrae

177 3020 264 3082 illius
289 3019 424 3082 affixum
450 3017 538 3101 large
568 3016 672 3080 tribus
702 3016 813 3100 digitis
843 3030 929 3081 trans
957 3042 1044 3102 genu
1073 3020 1175 3104 ipsius
1196 3044 1230 3084 se

176 3121 334 3204 porrexit.
388 3120 434 3184 Os
461 3120 558 3183 etiam
584 3118 697 3202 capitis
721 3128 876 3202 tanquam
904 3121 944 3184 ad
973 3121 1156 3206 prodigium
1178 3123 1230 3185 vel

177 3234 341 3286 ostentum
369 3244 472 3308 capax
500 3233 569 3286 erat
598 3234 631 3284 et
658 3243 815 3304 grossum,
843 3223 922 3286 adeo
945 3233 983 3286 ut
1009 3224 1094 3289 inter
1119 3225 1230 3290 cilium

177 3338 210 3388 et
221 3326 331 3389 oculos
340 3325 479 3410 spatium
494 3323 664 3408 pahnalem
676 3324 924 3408 amplitudinem
939 3325 1025 3409 large
1042 3327 1230 3391 contineret.

220 3427 434 3512 Apparebaut
447 3436 556 3488 autem
571 3425 605 3487 in
619 3423 679 3487 hoc
694 3425 828 3487 vulnera
842 3425 952 3488 decem
967 3437 1024 3489 aut
1037 3427 1139 3510 plura,
1155 3451 1230 3510 quae

175 3541 291 3591 cuneta
304 3539 424 3612 praeter
439 3549 542 3588 unum
555 3527 660 3610 majus
682 3525 819 3603 caeteris
836 3527 924 3609 quod
940 3526 1064 3590 hiatum
1078 3530 1231 3612 grandem

175 3629 306 3706 fecerat,
317 3629 469 3713 quodque
484 3626 588 3690 solum
603 3625 723 3690 lethale
738 3626 837 3690 fuisse
850 3627 1031 3705 videbatur,
1047 3629 1082 3692 in
1096 3630 1231 3694 solidam

176 3743 390 3796 convenerant
402 3729 593 3794 cicatricem.

212 3881 317 3934 ιΕπίππ
330 3880 447 3947 Avellon,
461 3879 519 3934 MS.
729 3877 792 3948 they
815 3879 880 3933 have
903 3881 979 3950 given
1009 3883 1040 3935 of
1065 3881 1109 3935 the
1133 3882 1233 3953 finding

210 3951 303 4004 ²Em's
311 3953 408 4022 gothia,
421 3950 479 4004 MS.
730 3948 759 4000 of
780 3948 851 4019 King
874 3950 995 4005 Arthur’s
1022 3952 1074 4006 bod
1115 3951 1142 4005 in
1168 3953 1234 4006 their

209 4021 306 4074 3ΒοῑΙι
328 4022 371 4074 Kn
390 4020 470 4090 ghton
495 4019 546 4072 end
571 4019 680 4089 Bromp·
729 4019 1035 4088 respectiveehronicles.
1072 3971 1121 4077 dee
1142 4023 1233 4094 Twys-

174 4100 219 4144 ton
248 4091 300 4143 had
330 4039 462 4160 evidently
489 4089 542 4142 this
572 4107 680 4161 passage
731 4087 1024 4157 den‚2397and1152.

174 4161 261 4215 before
274 4161 355 4228 them,
368 4161 394 4213 in
407 4160 451 4213 the
472 4168 584 4214 account
596 4160 681 4214 which
