3000 5040
422 526 471 576 DE
496 525 762 579 INSTRUOTIONE
788 526 999 581 PRINCIPUM.
1193 518 1234 578 53

179 668 381 738 subdendum
404 677 496 740 illum
520 678 677 762 populum
703 679 839 763 legibus,
855 690 888 742 et
902 679 1055 743 vitiorum
1076 678 1234 762 plantaria

178 779 253 842 inde
283 781 483 866 extirpanda,
513 784 594 846 velle
623 785 764 862 intrare3
797 794 831 849 et
860 785 899 848 de
928 783 1062 867 singulis
1085 784 1233 848 domibus

178 903 317 945 annuam
332 883 428 946 unius
443 884 564 948 denarii
579 885 682 949 Beato
692 885 791 950 Petro
802 885 883 950 velle
899 885 1020 949 solvere
1034 884 1231 968 pensionem,

178 991 212 1044 et
232 982 307 1066 jura
330 984 535 1049 ecclesiarum
556 985 646 1049 illius
673 996 768 1050 terrae
791 986 917 1050 illibata
942 996 976 1049 et
996 985 1123 1068 integra
1156 1008 1232 1049 con-

176 1105 310 1148 servare.
356 1085 426 1148 Nos
451 1085 564 1170 itaque
578 1087 671 1170 pium
687 1098 720 1150 et
741 1087 902 1151 laudabile
928 1086 1124 1150 desiderium
1137 1097 1231 1149 tuum

178 1206 251 1246 cum
264 1185 372 1249 favore
387 1208 527 1269 congruo
541 1199 784 1273 prosequentes,
800 1198 834 1252 et
855 1188 1007 1273 petitioni
1030 1199 1097 1251 tuae
1115 1188 1232 1272 benig-

175 1307 254 1348 num
281 1286 503 1371 impendentes
526 1311 700 1366 assensum,
730 1299 857 1372 gratum
886 1299 920 1352 et
946 1297 1113 1372 acceptum
1134 1289 1232 1352 habess

177 1407 258 1463 mus,
288 1398 327 1451 ut
354 1411 414 1472 pro
442 1390 612 1454 dilatandis
641 1390 796 1454 Ecclesiae
823 1390 977 1467 terminis,
996 1412 1055 1473 pro
1080 1390 1231 1453 vitiorum

175 1488 396 1572 restringendo
411 1491 556 1566 decursn,
572 1513 631 1575 pro
645 1491 839 1574 corrigendis
852 1490 995 1553 moribus
1010 1499 1044 1552 et
1057 1489 1232 1554 virtutibus

177 1587 364 1665 inserendis,
391 1613 449 1673 pro
478 1590 669 1655 Christianae
697 1591 859 1674 religionis
882 1601 1066 1674 augment0,
1095 1590 1232 1654 insulam

176 1687 264 1751 illam
279 1689 484 1772 ingrediaris;
508 1702 542 1755 et
557 1714 631 1775 quae
644 1693 685 1756 ad
696 1691 849 1754 honorem
865 1691 930 1755 Dei
944 1702 978 1756 et
993 1692 1129 1755 salutem
1144 1692 1231 1755 illius

180 1800 275 1853 terrae
304 1792 527 1875 spectaverint,
557 1793 745 1876 exequaris:
784 1801 818 1855 et
845 1793 933 1856 illius
969 1803 1064 1856 terrae
1091 1793 1231 1876 populus

178 1891 351 1955 honorifice
377 1903 410 1955 te
436 1894 572 1979 recipiat
596 1904 630 1958 et
652 1895 735 1958 sicut
757 1894 923 1958 dominum
948 1905 1136 1971 veneretur3
1156 1896 1231 1980 jure

176 1992 329 2056 nimirum
352 1995 556 2059 ecclesiarum
579 1996 703 2060 illibato
729 2005 763 2060 et
786 1995 912 2078 integro
934 2007 1163 2080 permanente;
1198 2007 1232 2060 et

177 2094 261 2158 salva
288 2095 391 2159 Beato
420 2096 518 2161 Petro
541 2106 575 2160 et
600 2107 806 2162 sacrosanctae
832 2097 987 2161 Ecclesiae
1010 2097 1168 2161 Romanae
1191 2100 1231 2162 de

178 2195 311 2279 singulis
333 2198 482 2262 domibus
505 2221 611 2262 annua
624 2200 721 2262 unius
743 2198 864 2262 denarii
885 2199 1049 2283 pensione.
1097 2199 1132 2262 Si
1156 2223 1232 2283 ergo

179 2299 266 2381 quod
280 2299 453 2382 concepisti
467 2300 584 2376 animo,
598 2301 715 2364 effectu
731 2299 862 2362 duxeris
877 2299 1102 2384 complendum
1114 2327 1122 2378 ;
1139 2302 1232 2364 stude

178 2409 309 2482 gentem
323 2399 411 2462 illam
425 2400 519 2463 bonis
533 2401 677 2464 moribus
690 2400 863 2463 informare
876 2425 884 2478 3
908 2409 942 2464 et
956 2423 1030 2484 agas
1045 2411 1110 2464 tarn
1125 2424 1182 2485 per
1198 2413 1232 2465 ta

179 2523 280 2584 quam
293 2522 351 2584 per
364 2500 436 2564 illos
463 2523 543 2584 quos
558 2501 672 2564 adhoc
686 2501 762 2576 fide,
776 2501 874 2564 verbo
889 2511 923 2565 et
937 2501 1003 2566 vita
1017 2501 1148 2564 idoneos
1164 2525 1231 2566 esse

179 2602 392 2686 perspexeris,
406 2612 445 2665 ut
459 2603 627 2667 decoretur
641 2603 687 2665 ihi
703 2602 856 2678 Ecclesia,
872 2603 1038 2686 plantetur
1060 2613 1093 2666 et
1114 2615 1234 2669 crescat

180 2703 256 2766 fidei
272 2702 462 2766 Christianae
477 2703 609 2786 religi03
625 2712 659 2766 et
668 2725 742 2787 quae
757 2703 798 2766 ad
811 2703 965 2766 honorem
975 2703 1040 2766 Dei
1050 2714 1084 2767 et
1098 2704 1234 2768 salutem

179 2804 345 2887 pertinent
369 2803 545 2866 animarum
571 2804 678 2868 taliter
702 2804 900 2881 ordinentur,
922 2814 961 2867 ut
986 2805 1094 2868 aDeo
1117 2807 1235 2890 sempi-

179 2914 281 2969 ternae
306 2905 462 2969 mercedis
483 2905 648 2970 cumulum
671 2906 824 2990 consequi
846 2907 1005 2984 merearis,
1036 2917 1070 2971 et
1086 2907 1120 2970 in
1141 2909 1234 2971 terris

181 3005 356 3088 gloriosum
369 3028 487 3070 nomen
501 3005 605 3070 valeas
619 3007 654 3069 in
667 3006 794 3071 saeculis
809 3007 985 3072 obtinere.''

226 3105 366 3171 Secundi
380 3130 454 3171 vero
468 3107 629 3192 privilegii
651 3118 744 3172 tenor
770 3108 842 3187 hic;
880 3108 973 3173 Sicut
996 3133 1015 3173 a
1041 3111 1233 3194 quibusdam

179 3208 387 3292 impetratum
401 3209 553 3272 asseritur
576 3220 633 3274 aut
647 3211 851 3295 confingitur,
872 3211 913 3274 ab
927 3211 998 3274 aliis
1020 3222 1078 3276 aut
1091 3236 1234 3298 unquam

179 3309 385 3394 impetratum
397 3310 496 3374 fuisse
511 3316 671 3394 negatur.¹

225 3411 444 3476 “Alexander
470 3413 648 3498 episcopus,
664 3435 772 3478 servus
799 3435 963 3478 servorum
977 3414 1053 3492 Dei,
1067 3416 1235 3481 karissimo

180 3516 214 3579 in
230 3516 359 3580 Christo
372 3517 441 3580 filio
466 3517 585 3580 illustri
610 3516 792 3600 Anglorum
816 3517 902 3600 Regi
928 3518 1120 3583 salutemet
1145 3543 1236 3604 apos-

180 3618 308 3681 tolicam
318 3618 585 3681 benedictionem.
611 3617 773 3684 Quoniam
787 3640 825 3680 ea
834 3639 907 3700 quae
919 3641 938 3681 a
948 3621 1236 3702 praedecessoribus

179 3719 297 3782 nostris
310 3717 544 3781 rationabiliter
557 3717 690 3779 inducta
703 3727 881 3780 noscuntur
901 3728 1060 3801 perpetua
1073 3732 1238 3785 merentur

183 3818 358 3882 stabilitate
380 3818 510 3895 firmari,
532 3816 722 3882 venerabilis
747 3816 845 3901 Papae
874 3818 1015 3902 vestigiis
1041 3819 1235 3886 inhaerentes

180 3919 346 4002 nostrique
362 3919 511 3982 desiderii
524 3919 667 3982 fructum
681 3918 884 3982 attendentes
898 3919 1133 3984 concessionem
1149 3924 1234 4007 ejus-

181 4021 252 4084 dem
279 4042 375 4104 super
396 4019 566 4084 Hibernici
590 4019 682 4103 regni
708 4019 849 4083 dominio
871 4020 962 4084 vobis
984 4021 1121 4100 indulto,
1149 4025 1234 4090 salva

181 4121 284 4184 Beato
309 4121 418 4200 Petro,
435 4132 469 4185 et
491 4131 697 4185 sacrosanctae
722 4120 879 4186 Romanae
903 4121 1070 4201 Ecclesiae,
1093 4125 1177 4191 sicut
1198 4128 1232 4192 in

181 4328 198 4381 d
215 4261 223 4292 ¹
242 4258 290 4340 See
302 4259 374 4382 thqe5e
387 4259 460 4314 other
470 4260 561 4314 letters
573 4259 603 4314 of
610 4260 662 4314 this
674 4261 745 4332 Pope
757 4279 791 4314 on
803 4261 847 4314 the
866 4279 937 4316 same
952 4263 1054 4332 subject
1072 4265 1099 4319 in
1117 4267 1161 4320 the
1172 4267 1232 4322 Foe-

199 4345 248 4396 era,
262 4346 279 4383 1.
292 4345 317 4399 p.
367 4369 373 4384 .
