3000 5040
438 513 487 563 DE
512 512 780 563 INSTRUUI'IONE
805 513 1019 564 PRINCIPUM·
1215 500 1256 563 ¹ss

202 665 338 750 antiquo
361 686 485 748 magnae
508 664 696 729 reverentiae
712 664 820 728 fuerat
834 674 868 727 et
882 663 1082 727 auctoritatis
1101 663 1135 726 in
1158 663 1261 748 parti-

203 767 265 830 bus
289 767 364 842 illis,
387 765 535 829 crucifixi
561 765 733 850 imaginem
758 764 943 850 praeferens,
966 765 1027 828 hoc
1053 765 1083 828 ei
1110 764 1256 842 dixisset,

202 867 299 930 fidem
320 867 453 931 haberet
467 867 561 930 dictis
583 890 694 931 eorum
709 877 775 931 tam
794 866 845 929 his
859 889 956 952 quam
977 866 1149 951 prioribus.
1195 865 1268 931 Cui.

204 968 438 1052 responderunt
460 969 548 1053 quod
569 969 677 1033 statim
692 969 770 1053 illuc
791 968 865 1045 iret,
881 979 915 1033 et
928 968 1055 1032 missam
1077 967 1203 1032 audiret
1214 968 1258 1032 de

205 1069 329 1154 Spiritu
355 1069 484 1147 Sancto,
508 1080 542 1133 et
571 1071 697 1134 audiret
721 1070 911 1135 crucifixum
940 1069 1137 1153 loquentem.
1183 1069 1260 1154 Ipse

204 1193 278 1235 vero
298 1171 407 1234 statim
425 1170 502 1234 illuc
524 1194 671 1256 pergens,
688 1172 812 1255 rogavit
832 1173 1058 1256 presbyterum
1076 1181 1114 1234 ut
1130 1171 1263 1235 missam>

205 1271 334 1336 diceret.
380 1271 457 1338 Quo
475 1273 573 1349 facto,
588 1295 663 1336 cum
684 1272 776 1336 miles
797 1273 832 1336 in
852 1295 931 1338 nave
946 1284 1032 1337 stans
1054 1273 1208 1351 ecclesiae,
1224 1283 1258 1337 et

205 1390 331 1437 crucem
353 1396 428 1458 quae
457 1396 554 1459 supra
581 1373 750 1438 introitum
782 1373 973 1457 sanctuarii,
986 1375 1026 1438 ad
1055 1375 1264 1438 excitandam·

204 1474 358 1538 laicorum
378 1475 579 1538 devotionem
600 1474 738 1559 praefixa
758 1474 865 1537 fuerat
880 1475 1050 1558 diligenter
1065 1476 1256 1552 observaret,

204 1575 239 1636 in
253 1575 333 1639 hora
353 1575 422 1660 ipsa
444 1575 632 1639 sacramenti
646 1575 728 1638 vidit
741 1575 934 1638 crucifixum
955 1598 1068 1639 manus
1089 1599 1162 1640 suas
1183 1588 1258 1640 ante

207 1699 240 1738 se
264 1679 458 1761 conjungere
481 1688 514 1740 et
537 1676 567 1739 ei
590 1676 759 1753 dicentem,
781 1677 868 1761 quod
890 1676 987 1739 fidem
1009 1677 1143 1741 haberet
1165 1677 1258 1741 dictis

206 1801 318 1841 eorum
331 1801 412 1862 quos
421 1779 461 1842 ad
470 1779 575 1862 ipsum
583 1777 723 1854 miserat,
737 1777 827 1841 Petri
837 1778 989 1862 Apostoli
1001 1801 1043 1842 sc.
1053 1789 1087 1842 et
1097 1778 1265 1842 Gabrielis
1319 1844 1322 1851 ,

208 1879 412 1965 Archangeli,
443 1891 477 1944 et
506 1881 594 1965 quod
625 1881 693 1966 ipse
729 1880 764 1943 in
799 1903 898 1944 manu
927 1881 1072 1966 capiebat
1106 1880 1261 1965 promissa

206 2002 327 2060 eorum,
346 1983 423 2067 quia
445 2005 503 2046 sua
525 1994 636 2061 erant;
660 2003 764 2066 eoque
787 1981 872 2046 dicto
896 2004 1009 2046 manus
1031 2005 1103 2046 suas
1125 1992 1165 2046 ut
1185 1992 1260 2046 ante

206 2082 344 2160 fuerant,
367 2086 513 2150 retraxit.
570 2085 668 2149 Miles
687 2096 806 2162 autem,
834 2085 929 2148 missa
951 2084 1119 2169 completa,
1141 2094 1260 2169 putans

206 2187 431 2270 presbyterum
460 2198 493 2251 et
520 2209 639 2270 paucos
656 2187 726 2271 'qui
759 2187 892 2250 aderant
919 2209 1029 2251 vocem
1060 2187 1198 2264 audisse,
1227 2199 1263 2253 et

207 2287 336 2350 brachia
350 2289 525 2374 praeposita
540 2299 660 2373 etpost
679 2298 815 2351 retracta
828 2288 955 2365 vidisse,
971 2311 1045 2351 cum
1063 2289 1149 2374 ipsos
1164 2311 1262 2372 super

208 2387 268 2451 hoc
280 2387 473 2468 conveniret,
486 2391 568 2453 nihil
583 2391 759 2466 audierant,
771 2389 888 2452 necilli
902 2389 960 2473 qui
973 2390 1008 2452 in
1023 2412 1102 2454 nave
1115 2389 1259 2454 ecclesiae

206 2489 336 2554 fuerant
350 2491 524 2574 quicquam
542 2492 711 2554 audierant
727 2491 802 2554 inde
821 2500 879 2554 aut
892 2490 1055 2569 viderant3
1078 2512 1138 2553 nec
1152 2493 1261 2568 etiam,

209 2591 298 2674 quod
311 2591 411 2675 magis
426 2592 657 2669 admirandum,
680 2591 791 2655 militis
805 2614 915 2656 vocem
930 2592 1098 2656 audierant
1111 2614 1186 2656 cum
1205 2592 1263 2656 illo

208 2692 404 2776 loquentem.
463 2692 539 2777 Ipse
567 2715 643 2756 vero
680 2692 788 2756 statim
826 2693 957 2756 domum
992 2715 1137 2757 reversus
1172 2693 1263 2758 fabas

208 2794 361 2877 flagellari
380 2793 489 2879 jussit,
512 2803 546 2857 et
570 2794 766 2878 pauperibus
793 2793 954 2872 distribui,
977 2816 1080 2858 uxore
1104 2795 1207 2880 ipsius
1229 2805 1264 2859 et
1311 2849 1330 2877 v

208 2895 329 2958 familia
361 2895 501 2959 multum
525 2895 787 2980 obloquentibus.
843 2896 989 2960 Primum
1021 2906 1130 2960 autem
1155 2897 1264 2960 vetula

208 3007 357 3060 venerata
363 2999 457 3081 quae'·
469 2996 635 3061 scutellam
643 2996 771 3081 plenam
782 2997 852 3082 ipso
861 2999 1000 3063 donante
1010 2999 1177 3076 habuerat,
1187 3021 1262 3063 cum

209 3100 249 3163 ad
270 3100 365 3164 aliam
379 3100 486 3164 villam
508 3111 667 3184 pergeret,
690 3100 805 3178 habuit
819 3101 950 3167 obvium
964 3103 1070 3167 virum
1092 3103 1263 3187 quemdam

208 3202 378 3285 antiquum
393 3203 483 3286 quasi
500 3201 799 3287 lerosolymitanum
817 3204 939 3288 palmas
958 3226 976 3268 a
990 3214 1081 3289 tergo
1094 3205 1264 3270 ferentem.

212 3302 274 3366 Cui
302 3305 428 3388 roganti
449 3315 488 3368 ut
516 3304 640 3390 aliquid
668 3305 698 3368 ei
727 3306 768 3369 ad
789 3307 982 3370 vescendum
1003 3307 1103 3384 daret,
1129 3306 1156 3368 si
1181 3307 1264 3370 forte

211 3406 353 3483 haberet,
368 3407 458 3470 dedit
473 3406 503 3468 ei
525 3406 581 3469 ille
601 3417 783 3470 numeratas
800 3429 860 3470 xx.
875 3407 975 3484 fabas,
992 3431 1071 3492 quas
1093 3408 1162 3492 ipse
1177 3430 1265 3471 com-

212 3508 289 3585 edit,
316 3519 350 3572 et
374 3507 491 3591 gratias
518 3530 614 3590 agens
640 3508 780 3571 evanuit.
840 3508 938 3571 Fabae
964 3519 1073 3572 autem
1097 3509 1164 3572 illae
1191 3533 1265 3573 curn

212 3609 479 3672 distribuerentur
494 3609 581 3670 omni
602 3607 737 3691 pauperi
757 3608 883 3690 petenti
899 3609 1095 3672 duraverunt
1116 3632 1135 3671 a
1153 3609 1266 3672 Media

213 3710 465 3792 Quadragesima
485 3730 587 3790 usque
610 3708 650 3770 ad
668 3718 732 3770 tres
755 3707 945 3771 ebdomadas
968 3719 1041 3772 ante
1064 3709 1265 3772 nativitatem

214 3807 1266 3893 SanctiJohannisBaptistae.-Erantautemnumeroquasinxvr.

213 3914 369 3976 summae⁹
384 3919 417 3973 et
432 3909 573 3972 dimidia.
619 3908 701 3972 Cum
717 3918 825 3973 autem
840 3932 949 3974 omnes
964 3921 1069 3974 essent
1084 3911 1269 3979 distributae

248 4087 255 4115 ¹
274 4087 396 4140 Venerato
405 4101 463 4152 qua.
481 4083 609 4136 Veterisa
628 4122 642 4150 .,
653 4083 711 4137 MS.
764 4082 838 4135 More
861 4084 968 4154 precise]
988 4125 995 4152 ,
1019 4102 1035 4138 a
1064 4103 1181 4140 measure
1205 4105 1265 4142 cou-

246 4157 256 4185 ²
273 4159 379 4209 Summa
391 4155 430 4206 for
444 4171 519 4220 suma,
532 4100 669 4222 according
685 4161 713 4204 to
764 4153 863 4223 taining
883 4153 953 4223 eight
971 4102 1078 4208 bushels
1099 4157 1130 4208 of
1145 4175 1223 4223 corn;
1250 4176 1266 4212 a

212 4227 281 4296 early
294 4228 400 4292 writers,
413 4225 435 4276 is
447 4242 462 4276 a
474 4223 572 4276 horse’s
584 4223 693 4275 burthen
707 4241 714 4286 ;
764 4238 858 4276 seamc.
895 4224 943 4276 See
953 4224 996 4276 the
1006 4225 1128 4296 Glossary
1138 4227 1164 4278 in
1176 4229 1266 4298 Twys·

211 4297 292 4350 hence
322 4313 368 4348 our
397 4293 466 4347 word
495 4301 602 4363 sumptcr
631 4293 719 4346 horso„
765 4291 837 4344 den’s
846 4292 880 4346 X.
891 4293 1100 4364 Scriptores,s.v.
1111 4298 1265 4369 Sagittarius.
