3000 5040
281 468 345 530 164
587 479 769 529 emamus
794 479 1023 528 ennenuvsm

279 642 365 697 sunt.
411 631 464 695 Sic
479 632 578 715 igitur
593 630 745 694 extinctis
764 628 904 692 lucernis
918 627 1076 702 omnibus,
1092 649 1160 702 nos,
1177 627 1234 709 qui
1257 649 1332 688 noc·

279 736 383 801 turnis
406 735 553 819 exequiis
574 735 720 798 assistere
734 733 932 809 videbamur,
955 732 1063 795 statim
1086 742 1254 807 exeuntes,
1274 753 1333 794 nec

279 839 424 902 ordinate
446 837 587 920 quidem,
603 835 659 898 sed
684 856 890 918 praepropere
912 855 1046 918 praeque
1069 834 1182 895 timore
1205 832 1334 915 diffugi-

278 951 379 1014 entes,
403 960 518 1022 corpus
552 936 673 999 ibidem
700 936 813 1011 solum,
840 934 932 1018 quasi
969 935 1131 997 inmundis
1156 934 1330 1009 obsessum,

277 1063 346 1126 prae
373 1040 486 1103 timore
512 1037 630 1122 pariter
654 1047 686 1099 et
713 1036 843 1099 horrore
867 1035 1068 1119 reliquimus,
1091 1036 1243 1118 omnique
1270 1035 1333 1098 hu·

278 1164 371 1206 mano
394 1162 523 1224 prorsus
547 1137 661 1201 solatio
683 1136 885 1199 destitutum.
931 1135 1025 1200 Hanc
1048 1145 1157 1199 autem
1178 1136 1333 1200 visionem

279 1232 453 1307 venerabili
468 1240 537 1303 viro
560 1238 743 1302 Baldewino
763 1237 947 1301 Cantuariae
974 1237 1223 1321 archiepiscopo,
1246 1260 1331 1314 cum,

279 1345 383 1408 adhuc
409 1341 501 1424 Rege
531 1339 713 1422 superstite,
743 1360 938 1422 quamquam
972 1360 1087 1422 parum
1116 1350 1224 1401 temen
1259 1349 1334 1401 ante

280 1455 416 1509 mortem
441 1441 595 1527 ejusdem,
611 1440 801 1510 retulissem.
818 1451 851 1503 et
872 1440 941 1524 ipse
963 1439 1043 1502 mihi
1057 1440 1224 1516 visionem,
1240 1462 1336 1522 quam

281 1547 320 1610 de
346 1545 458 1608 eodem
483 1543 567 1605 circa
591 1542 660 1606 haec
686 1542 797 1604 eadem
824 1552 968 1626 tempora
993 1542 1125 1618 viderat,
1152 1541 1336 1625 explicavit.

280 1647 397 1712 Visum
413 1646 498 1708 enim
512 1654 580 1707 erat
595 1644 625 1706 ei
641 1643 814 1727 quodcum
833 1643 997 1707 ecclesiam
1013 1643 1172 1728 quandam
1192 1644 1337 1718 intraret,

282 1748 406 1814 invenit
432 1747 468 1809 in
497 1769 534 1809 ea
562 1767 679 1829 corpus
706 1744 845 1807 hominis
879 1745 1000 1808 mortui
1030 1744 1122 1828 quasi
1156 1744 1190 1806 in
1218 1745 1338 1807 feretro

280 1852 409 1935 jaceus;
433 1849 520 1931 quod
543 1870 616 1910 cum
642 1846 760 1922 subito,
783 1868 848 1909 non
870 1846 991 1930 absque
1015 1847 1188 1910 astantium
1210 1847 1336 1923 timore,

285 1974 318 2015 se
345 1972 440 2034 super
462 1948 608 2011 cubitum
631 1948 778 2030 erigeret,
799 1947 834 2010 in
857 1948 954 2011 verba
977 1970 1187 2032 prorumpens
1211 1948 1337 2024 acriter,

288 2057 309 2091 ‘⁶
322 2051 391 2115 Ubi
404 2050 506 2127 sum,’'
519 2049 637 2133 inquit,
655 2055 675 2085 “
687 2060 721 2113 et
735 2050 792 2113 ubi
802 2052 894 2134 jaceo
904 2049 938 2112 l”
982 2050 1138 2134 Dumque
1152 2073 1340 2134 responsum

287 2153 456 2237 acciperet,
481 2152 601 2235 “quod
622 2152 656 2214 in
681 2151 858 2230 ecclesia;”
889 2152 1037 2237 subjecit,
1069 2151 1207 2215 “Locus
1229 2151 1264 2214 in
1287 2175 1338 2225 eof

287 2255 384 2319 clesia
403 2275 468 2316 non
487 2263 544 2315 est
562 2252 652 2329 mihi,
668 2252 802 2336 proinde
824 2253 888 2315 cito
903 2264 1074 2338 exportare
1095 2255 1178 2318 me.”
1222 2253 1340 2338 Rejec·

288 2368 387 2440 toque
409 2377 516 2439 panno
534 2377 600 2438 quo
614 2355 737 2417 velatus
756 2353 873 2432 fuerat,
894 2357 1044 2439 apparuit
1066 2378 1133 2419 esse
1151 2357 1229 2425 Rex
1247 2354 1339 2418 Hen-

286 2458 381 2521 ricus.
427 2455 697 2541 Archiepiscopus
720 2466 840 2532 autern,
863 2456 919 2519 illo
945 2468 1126 2542 exportat0,
1151 2456 1242 2541 quasi
1265 2457 1341 2520 mis·

287 2583 354 2622 sam
373 2559 542 2622 auditurus
564 2581 637 2621 cum
659 2559 855 2642 presbyteris
873 2560 941 2643 jam
960 2559 1119 2636 intrasset,
1138 2559 1220 2624 vidit
1241 2559 1341 2622 altare

286 2663 411 2725 nudum
432 2661 561 2724 omnino
577 2671 611 2723 et
624 2660 770 2722 fissuram
791 2660 911 2724 habens
935 2684 994 2745 per
1018 2662 1161 2725 medium
1183 2662 1338 2746 amplam3

289 2774 322 2826 et
336 2764 488 2826 accedens
509 2761 641 2846 propius
656 2760 738 2824 vidit
758 2761 846 2824 inea
864 2763 1043 2845 egestiones
1059 2764 1151 2847 quasi
1172 2764 1338 2839 humanas,

289 2875 322 2928 et
347 2864 566 2927 immunditias
588 2863 671 2926 circa
687 2863 786 2926 altare
808 2864 953 2948 undique
976 2887 1116 2948 magnas.
1161 2865 1240 2932 Quo
1261 2865 1339 2942 viso,

289 2989 363 3030 cum
391 2966 521 3029 horrore
548 2965 670 3050 pariter
698 2976 731 3028 et
759 2965 875 3028 rubore
905 2988 939 3028 se
970 2967 1144 3044 retrahens,
1173 2967 1342 3052 prospexit
1432 3012 1435 3017 ·

290 3069 486 3132 sacerdotem
501 3067 643 3130 ecclesiae
664 3065 751 3129 illius
775 3089 817 3129 ex
841 3066 940 3131 altera
957 3078 1048 3151 parte
1072 3078 1227 3147 stantem3
1244 3090 1341 3152 quem

290 3170 330 3232 ad
353 3192 385 3233 se
399 3179 557 3245 vocatum,
568 3168 607 3230 ,in
626 3166 812 3252 hujusmodi
825 3169 922 3232 verba
936 3169 1105 3233 convenit:
1130 3175 1151 3229 ‘f
1163 3169 1256 3234 Tune
1279 3169 1343 3246 es,”

290 3270 410 3353 inquit,
431 3271 609 3334 “sacerdos
632 3269 742 3352 quiin
762 3268 822 3333 hoc
846 3270 916 3334 loco
937 3270 1098 3335 ministrat
1110 3272 1147 3334 ?'’
1192 3272 1243 3335 Ac
1264 3271 1340 3349 ille3

291 3377 313 3407 “
327 3371 439 3449 Sum,’'
457 3371 575 3458 inquit.
622 3370 767 3438 “Quare
789 3371 890 3455 igitur
911 3371 1018 3435 locum
1040 3395 1163 3436 sacrum
1186 3385 1220 3436 et
1241 3373 1339 3437 altare

291 3475 425 3538 Domini
454 3485 520 3538 tam
549 3475 759 3538 irreverenter
788 3484 822 3537 et
851 3483 914 3537 tam
952 3474 1120 3539 inhoneste
1150 3477 1291 3540 custodis
1304 3477 1341 3538 2⁹⁹

291 3576 471 3654 “Domine,
480 3577 575 3641 homo
584 3575 649 3652 ille,
661 3598 758 3658 quem
766 3597 852 3638 nunc
864 3576 969 3639 efferri
979 3577 1114 3654 vidistis,
1125 3577 1169 3640 sic
1178 3577 1342 3641 ecclesiam

290 3672 431 3742 nostram
446 3671 695 3741 dehonestavit.”
725 3675 994 3762 Archiepiscopus
1009 3689 1117 3742 autem
1131 3679 1300 3762 prohibuit
1314 3680 1344 3742 ei

289 3802 331 3842 nc
345 3780 424 3843 eitra
446 3779 613 3844 honestam
631 3778 691 3842 loci
714 3778 801 3842 illius
823 3779 1048 3864 purgationem
1064 3791 1097 3844 et
1111 3781 1345 3846 reconciliatio-

288 3904 363 3945 nem
390 3881 527 3966 amplius
548 3881 668 3944 ibidem
694 3880 879 3944 celebraret.
924 3880 971 3944 Et
985 3904 1058 3944 vere
1077 3882 1174 3946 homo
1196 3884 1252 3950 ille
1276 3885 1341 3948 suis

289 3984 414 4060 diebus,
424 3983 531 4068 quoad
541 3982 660 4067 potuit,
676 3981 839 4046 ecclesiam
855 3982 920 4045 Dei
933 3983 967 4045 in
980 3983 1073 4047 terris
1088 3984 1154 4048 suis
1168 3985 1344 4070 privilegiis

288 4085 441 4168 privando
458 4096 491 4148 et
510 4084 721 4168 dignitatibus
743 4084 939 4148 detrahendo
955 4086 1046 4169 quasi
1066 4087 1214 4150 sordibus
1229 4098 1263 4151 et
1283 4088 1344 4151 im-

286 4187 455 4250 munditiis
468 4186 648 4250 maculavit.

330 4287 498 4361 Visionem
537 4311 667 4375 quoque
705 4289 806 4354 sancti
840 4289 976 4353 Godrici
1005 4290 1171 4354 heremitae
1209 4291 1339 4369 nobilis,
