3000 5040
277 479 340 540 l42
581 493 763 544 GIRALDUS
788 492 1014 543 CAMBRENSIS

276 640 334 703 tali
370 639 527 703 fallaciam
563 651 676 724 aptans
715 651 748 704 et
788 640 940 704 talionem
984 649 1152 723 praestans,
1197 638 1329 702 minime

275 742 460 804 salvandum
482 741 677 826 procuravit.
721 740 879 805 Advertat
907 741 959 803 hic
985 741 1081 803 etiam
1103 739 1213 816 lector,
1241 742 1329 823 quod

272 842 356 905 sicut
370 843 448 906 Rex
468 842 540 919 iste,
563 843 645 905 male
665 864 698 905 se
720 864 845 926 regens,
861 852 985 926 patrem
1006 863 1100 904 suum
1116 841 1327 926 spiritualem,

273 943 534 1008 Cantuariensem
550 943 849 1028 Archiepiscopum,
868 965 971 1027 usque
995 943 1035 1006 ad
1053 951 1190 1006 mortem
1204 953 1328 1028 tempo·
1408 963 1409 966 ’

270 1046 368 1108 ralem
397 1046 546 1130 persequi
576 1067 641 1108 non
667 1046 809 1122 cessavit,
834 1046 878 1108 sic
903 1068 962 1130 per
987 1045 1184 1128 exquisitam
1208 1046 1325 1109 divinae

269 1148 419 1211 vindictae
444 1147 616 1231 justitiam,
648 1147 791 1229 ejusdem
820 1146 878 1209 filii
908 1146 1048 1209 carnales
1076 1156 1200 1230 patrem
1229 1168 1324 1210 suum

269 1249 426 1311 carnalem
452 1248 610 1331 usquead
636 1248 803 1311 interitum
825 1247 1045 1331 temporalem,
1061 1259 1095 1312 et
1112 1249 1237 1311 utinam
1259 1270 1325 1312 non

269 1350 463 1425 aeternalem,
480 1359 556 1413 sunt
569 1350 756 1434 persecuti.¹

312 1451 500 1514 Notandum
520 1450 573 1513 hic
596 1460 705 1514 autem
728 1473 796 1514 esse
810 1450 949 1529 videtur,
966 1450 1054 1534 quod
1069 1451 1217 1533 equidem
1233 1451 1323 1514 valde

267 1552 408 1616 notabile
424 1553 544 1628 censui,
567 1552 720 1635 quoniam
742 1552 776 1614 in
792 1552 953 1635 colloquio
970 1552 1121 1637 quodam,
1137 1554 1322 1616 submonte

268 1653 461 1737 Martyrum,
488 1676 554 1716 non
582 1653 695 1737 procul
721 1654 761 1716 ab
792 1654 871 1716 urbe
899 1653 1082 1730 Parisiensi,
1104 1654 1193 1717 inter
1222 1655 1323 1718 dictos

267 1755 462 1818 Francorum
474 1766 507 1818 et
520 1754 702 1838 Anglorum
712 1755 819 1838 Reges
832 1755 971 1832 habito,²
982 1756 1039 1818 ubi
1055 1756 1132 1820 Rex
1142 1754 1323 1819 Lodovicus

266 1877 355 1918 more
390 1856 485 1919 solito
522 1856 661 1918 multum
690 1855 857 1931 laboravit,
888 1879 1074 1940 quanquam
1103 1857 1253 1933 inaniter,
1282 1858 1323 1920 ad

266 1978 378 2039 pacem
413 1956 612 2019 formandam
645 1957 731 2020 inter
758 1957 883 2040 Regem
921 1958 1113 2034 Henricum,
1149 1959 1207 2040 qui
1244 1970 1321 2022 tunc

267 2058 354 2141 apud
381 2058 534 2121 Sanctum
564 2058 757 2142 Dionysium
788 2060 881 2142 quasi
908 2060 968 2122 sub
993 2069 1159 2143 praetextu
1181 2061 1323 2143 peregri-

266 2159 405 2222 nationis
420 2159 600 2237 advenerat,
617 2171 650 2223 et
664 2159 954 2245 Archiepiscopum
972 2161 1139 2237 Thomam,
1156 2161 1212 2244 qui
1229 2171 1262 2223 et
1276 2161 1322 2224 ibi

267 2270 344 2323 tunc
367 2271 445 2336 erat,
462 2270 495 2322 et
516 2261 635 2324 adhoc
659 2261 737 2323 illuc
752 2271 882 2324 vocatus
910 2263 1026 2339 fuerat,
1043 2272 1076 2324 et
1100 2262 1229 2325 demum
1243 2285 1321 2346 pace

265 2386 330 2426 non
354 2363 573 2447 proveniente,
597 2375 631 2427 et
656 2363 748 2447 Rege
773 2363 916 2428 Hearico
941 2373 1132 2441 revertente,
1149 2363 1321 2448 Philippus

269 2464 423 2528 Lodovioi
440 2463 539 2549 Regis
556 2465 644 2528 filius
667 2476 701 2528 et
721 2466 827 2528 haeras
843 2476 920 2529 tunc
942 2489 1024 2551 puer
1050 2466 1142 2548 quasi
1156 2467 1320 2550 septennis

266 2567 419 2642 existens,
460 2567 584 2650 Regem
626 2567 806 2630 Henricum
834 2567 965 2630 honoris
999 2589 1094 2630 causa
1121 2567 1218 2630 simul
1246 2591 1319 2631 cum
1379 2642 1383 2652 ¹

263 2679 354 2753 patre
369 2668 543 2732 conviando
558 2679 591 2732 et
606 2668 803 2745 deducendo,
818 2668 925 2752 ipsum
938 2668 973 2730 in
987 2669 1210 2754 hujuscemodi
1223 2672 1320 2733 verba

264 2770 431 2832 convenit:
456 2769 552 2832 “Pro
578 2781 670 2853 patre
699 2792 772 2832 meo
796 2769 868 2846 tibi,
897 2770 986 2847 Rex,
1016 2770 1173 2854 supplico,
1202 2793 1318 2854 rogans

264 2872 417 2954 quatinus
431 2871 536 2955 ipsum
552 2871 625 2955 plus
650 2871 744 2935 solito
767 2871 891 2955 diligas,
916 2871 1012 2955 eique
1036 2871 1141 2934 fidelis
1163 2873 1315 2949 existens,

262 2974 302 3035 ab
330 2975 399 3056 ejus
421 2972 593 3035 decaetero
607 2972 777 3035 vexatione
800 2972 942 3035 desistas.
988 2971 1053 3035 Pro
1077 2983 1164 3037 certo
1178 2996 1318 3057 namque

262 3073 409 3136 noverint
446 3095 565 3148 omnes,
597 3074 685 3155 quod
726 3073 783 3156 qui
822 3073 931 3157 ipsum
966 3073 1002 3136 in
1036 3074 1096 3137 hac
1131 3085 1227 3139 aetate
1260 3099 1318 3140 sua
1353 3134 1359 3143 .

261 3174 431 3236 molestare
454 3173 547 3236 senili
567 3173 820 3257 praesumpserit,
844 3175 984 3236 ultorem
1008 3174 1070 3236 sibi
1094 3176 1315 3257 gravissimum

261 3297 319 3358 per
334 3273 398 3336 Dei
416 3273 562 3356 gratiam,
578 3297 652 3337 cum
674 3274 763 3336 locus
786 3273 914 3336 affuerit
936 3284 970 3337 et
991 3284 1120 3359 tempus
1140 3277 1314 3357 advenerit,

261 3399 313 3438 me
339 3375 544 3439 constituet.”
598 3375 686 3438 Mira
707 3375 809 3459 igitur
834 3375 869 3437 in
893 3399 995 3460 puero
1018 3379 1210 3461 prudentia!
1236 3381 1317 3444 mira

262 3500 392 3562 quoque
416 3478 537 3541 futurae
563 3477 734 3561 probitatis
747 3477 867 3541 innatae
895 3488 928 3541 et
953 3478 1162 3544 animositatis
1184 3479 1313 3559 indicia,

261 3591 295 3643 et
308 3579 476 3664 promissio
491 3579 576 3642 facta
591 3579 682 3662 quasi
696 3578 886 3663 prophetico
908 3580 1026 3663 spiritu
1051 3581 1311 3648 comminatoria!

262 3684 338 3766 quia
364 3682 539 3766 praemissa,
555 3691 589 3744 et
610 3693 773 3764 tamquam
795 3681 855 3744 sub
871 3681 998 3744 talionis
1012 3683 1226 3746 retributione
1240 3707 1314 3768 pro-

174 3865 175 3868 *
260 3785 365 3861 missa,
380 3783 491 3868 paucis
508 3782 643 3846 evolutis
666 3783 873 3867 postmodum
888 3783 979 3846 annis
993 3781 1215 3861 consecutivis,
1232 3796 1265 3849 et
1278 3786 1314 3849 in

261 3896 357 3949 aetate
380 3884 509 3959 tenella,
539 3883 690 3946 mirandis
715 3883 845 3966 quidem
871 3884 1049 3960 eventibus,
1076 3895 1188 3948 contra
1211 3896 1312 3951 tantae

258 3987 415 4071 potentiae
431 3985 527 4049 simul
542 3995 575 4048 et
588 3984 763 4068 opulentiae
778 3983 966 4068 principem,
976 4007 1092 4068 magno
1107 4008 1181 4049 cum
1196 3987 1314 4052 effectu

261 4099 337 4152 sunt
351 4087 517 4172 completa.

296 4235 303 4266 ¹
324 4236 380 4288 The
403 4255 474 4289 same
498 4236 637 4288 sentiment
666 4235 688 4287 is
713 4252 755 4288 ex·
847 4222 953 4288 '‘fao.
968 4237 1045 4301 1169,
1066 4237 1133 4289 infra
1153 4247 1255 4292 octavas
1286 4226 1312 4296 S.

260 4306 364 4376 pressed
376 4306 411 4376 by
424 4305 558 4375 Rigordus,
571 4323 597 4375 p.
611 4309 652 4358 29.
812 4303 946 4357 Martini.''
983 4305 1024 4375 (N
1026 4324 1065 4360 ov.
1080 4308 1134 4376 18.)
1162 4308 1290 4379 Bouquet.
