3000 5040
421 571 471 621 DE
488 569 763 624 'INSTRUOTIONE
788 571 1000 624 PRINCIPUM.
1192 556 1233 618 25

179 720 334 798 homines,
346 720 431 785 sicut
444 743 502 785 sua
515 723 646 808 propria
658 731 692 787 et
705 721 865 786 dominica
877 720 1016 786 fideliter
1027 719 1188 785 custodiet
1202 730 1236 784 et

180 822 414 887 manutenebit.
461 821 638 907 Postquam
663 823 737 887 Deo
762 845 838 887 vero
862 822 989 887 volente
1011 843 1137 885 crucem
1166 843 1236 885 sus·

181 924 371 1009 ceperimus,
385 924 531 989 homines
553 933 679 988 nostros
698 924 755 1010 qui
777 924 944 988 nobiscum
964 922 1060 986 ibunt
1081 922 1236 987 faciemus

175 1027 297 1112 jurare,
314 1025 402 1110 quod
427 1026 454 1090 si
479 1026 634 1090 alteruter
656 1035 802 1090 nostrum
824 1025 858 1088 in
873 1025 924 1089 via
945 1024 1126 1101 decesserit,
1148 1022 1237 1108 quod

181 1126 274 1190 Deus
284 1136 417 1204 avertat,
432 1126 480 1193 ita
502 1127 551 1190 illi
575 1127 634 1211 qui
654 1135 815 1212 superstes
830 1125 903 1203 erit,
923 1125 1062 1190 fideliter
1085 1124 1235 1200 servient,

182 1228 266 1292 sicut
300 1228 455 1293 servirent
488 1228 618 1292 domino
652 1250 711 1292 suo
734 1227 761 1292 si
783 1227 875 1293 vivus
898 1237 992 1305 esset,
1017 1225 1173 1311 quamdiu
1199 1225 1235 1287 in

182 1339 267 1392 terra
302 1328 569 1414 Ierosolymitana
598 1328 716 1393 morari
748 1328 897 1394 voluerit.
956 1327 1132 1392 Pecuniam
1159 1349 1235 1390 vero

182 1428 328 1494 defuncti
347 1429 438 1494 vivus
462 1429 596 1494 habebit
621 1429 662 1492 ad
680 1429 864 1493 faciendum
890 1429 1056 1493 servitium
1080 1428 1235 1493 Christia-

181 1531 301 1608 nitatis,
319 1541 439 1614 praeter
460 1541 586 1615 partem
608 1531 707 1606 illam,
723 1552 820 1614 quam
843 1541 918 1594 ante
938 1530 1000 1594 iter
1022 1552 1117 1594 suum
1140 1529 1236 1593 certis

180 1632 258 1694 locis
273 1642 307 1694 et
326 1632 420 1696 certis
444 1632 589 1716 personis
606 1632 742 1695 dandam
764 1631 949 1696 decreverit.
994 1632 1041 1694 Et
1054 1631 1082 1695 si
1097 1641 1235 1715 uterque

180 1742 326 1796 nostrum
352 1734 533 1810 decesserit,
549 1733 637 1817 quod
659 1733 751 1796 Deus
774 1743 906 1811 avertat,
921 1733 1087 1817 eligemus,
1103 1732 1130 1796 si
1144 1732 1236 1799 Deus

183 1834 275 1898 nobis
290 1834 429 1918 spatium
443 1835 624 1913 indulserit,
641 1835 679 1898 de
694 1834 804 1919 probis
827 1845 861 1898 et
879 1834 1028 1899 fidelibus
1050 1832 1235 1897 hominibus

182 1935 310 2012 nostris,
327 1936 446 2019 quibus
462 1936 684 2000 committetur
698 1936 835 2020 pecunia
848 1936 1020 2020 utriusque
1034 1936 1180 1999 nostrum
1194 1934 1235 1997 ad

181 2035 363 2100 faciendum
377 2037 544 2102 servitium
555 2037 818 2115 Christianitatis
834 2037 934 2122 etqui
949 2038 1069 2101 ducent
1080 2046 1234 2120 etregant

181 2136 326 2200 homines
350 2147 486 2217 nostros,
516 2149 690 2223 antequam
714 2137 777 2202 iter
805 2138 1003 2223 arripiamus.
1050 2137 1129 2202 Post
1156 2160 1232 2202 vero

183 2249 364 2323 susceptam
378 2261 505 2304 crucem
518 2240 673 2305 faciemus
694 2239 767 2303 illos
784 2241 904 2324 jurare,
929 2262 1009 2324 quos
1032 2239 1179 2303 custodes
1202 2249 1236 2303 et

182 2340 413 2422 gubernatores
439 2342 671 2406 constituemus
698 2351 856 2405 terrarum
869 2351 1050 2405 nostrarum
1065 2341 1153 2425 quod
1173 2340 1236 2424 ipsi

182 2440 266 2503 bona
283 2440 347 2505 fide
362 2464 436 2506 cum
451 2443 537 2507 omni
551 2466 644 2528 posse
660 2465 718 2506 suo
733 2442 760 2506 si
782 2465 910 2506 necesse
931 2441 1031 2505 fuerit
1044 2464 1112 2505 sese
1130 2441 1170 2504 ad
1186 2441 1236 2503 in·

182 2542 283 2605 vicem
301 2544 464 2626 juvabunt
478 2545 518 2606 ad
537 2543 776 2607 defendendum
790 2553 889 2606 terras
903 2553 1027 2607 nostras
1042 2565 1117 2606 curn
1131 2543 1171 2605 ab
1186 2542 1236 2605 in·

182 2643 283 2706 vicem
297 2643 421 2706 fuerint
432 2643 591 2727 requisiti,
600 2644 647 2707 ita
659 2644 747 2727 quod
754 2643 803 2705 illi
816 2665 897 2727 quos
911 2666 972 2727 ego
987 2643 1149 2707 Henricus
1159 2643 1236 2706 Rex

184 2744 315 2828 Angliae
339 2745 515 2828 praefecere
541 2746 581 2808 ad
602 2745 848 2829 gubernandum
863 2755 962 2808 terras
977 2767 1064 2808 meas
1088 2743 1133 2806 sic
1144 2745 1237 2828 juva-

182 2847 265 2909 bunt
285 2847 325 2909 ad
340 2846 576 2910 defendendum
598 2856 698 2910 terras
720 2845 876 2909 Ludovici
900 2846 1095 2910 Francorum
1117 2846 1237 2910 domini

181 2947 256 3021 mei,
286 2947 557 3031 quemadmodum
592 2959 691 3012 terras
718 2969 806 3010 meas
835 2947 1045 3011 defenderent
1070 2948 1097 3011 si
1126 2948 1237 3012 civitas

180 3073 251 3114 mea
274 3049 472 3134 Rothomagi
486 3051 613 3114 obsessa
628 3058 721 3113 esset.
765 3048 813 3112 Et
835 3050 947 3112 eodem
969 3049 1064 3113 modo
1079 3051 1167 3134 quod
1188 3049 1236 3114 illi
1265 3110 1270 3120 ,

180 3175 261 3236 quos
285 3175 344 3236 ego
370 3151 553 3215 Ludovicus
575 3150 775 3236 praefecerim
805 3150 846 3214 ad
868 3151 1114 3235 gubernandum
1137 3163 1236 3216 terras

180 3275 266 3317 meas
307 3276 380 3317 cum
414 3253 500 3316 omni
527 3276 620 3338 posse
651 3276 709 3316 suo
738 3253 901 3338 juvabunt
928 3252 970 3316 ad
998 3252 1235 3318 defendendum

180 3363 279 3417 terras
296 3353 431 3418 Henrici
453 3354 555 3438 Regis
578 3353 721 3437 Angliae,
743 3353 1014 3437 quemadmodum
1035 3364 1134 3419 terras
1150 3378 1236 3419 meas

180 3454 400 3534 defenderent,
416 3456 443 3519 si
468 3456 579 3520 civitas
601 3479 671 3520 mea
695 3455 838 3520 Parisius
861 3456 989 3520 obsessa
1012 3466 1105 3521 esset.
1149 3457 1236 3522 Volo

181 3556 278 3619 etiam
315 3557 404 3641 quod
432 3567 623 3620 mercatores
653 3567 687 3619 et
718 3580 827 3620 omnes
856 3557 1002 3620 homines
1031 3567 1097 3621 tam
1128 3558 1235 3622 clerici

181 3679 277 3740 quarn
301 3657 377 3720 laici
401 3678 474 3719 cum
490 3657 639 3720 omnibus
653 3658 750 3720 rebus
774 3657 840 3720 suis
858 3658 960 3720 securi
989 3658 1055 3721 sint
1077 3668 1111 3721 et
1124 3681 1236 3742 pacem

179 3757 320 3820 habeant
355 3779 414 3840 per
459 3779 568 3820 omnes
601 3766 702 3819 terras
736 3778 832 3820 meae.
891 3757 939 3820 Et
975 3780 1035 3840 ego
1072 3757 1235 3824 Henricus

180 3857 258 3919 Rex
288 3856 419 3940 Angliae
449 3856 597 3919 similiter
619 3855 693 3920 volo
721 3857 811 3940 quod
838 3868 1028 3922 mercatores
1063 3869 1097 3922 et
1125 3880 1235 3924 omnes

178 3958 323 4021 homines
347 3968 412 4022 tam
428 3959 545 4022 'clerici
567 3981 664 4042 quam
686 3957 760 4021 laici
784 3968 879 4022 terrae
907 3959 1028 4023 domini
1043 3961 1116 4037 mei,
1133 3961 1234 4046 Regis

179 4060 384 4136 Francorum,
401 4083 474 4123 cum
497 4060 645 4124 omnibus
661 4060 757 4123 rebus
772 4059 848 4136 suiS,
864 4059 967 4124 securi
982 4060 1047 4123 sint
1069 4073 1102 4126 et
1120 4085 1232 4146 pacem

178 4162 317 4224 habeant
331 4183 389 4245 per
404 4184 513 4226 omnes
528 4171 627 4226 terras
641 4185 738 4226 meas.

222 4267 243 4296 “
255 4262 338 4326 Haec
365 4263 471 4328 omnia
497 4263 678 4348 supradicta
693 4286 751 4327 nos
773 4262 907 4327 firmiter
922 4264 1144 4330 observaturos
1158 4291 1232 4352 pro·

178 4363 321 4426 misimus
336 4373 370 4427 et
390 4364 569 4448 juravimus
584 4365 618 4428 in
639 4366 812 4449 praesentia
825 4367 1014 4431 venerabilis
1031 4366 1120 4432 Petri
1144 4368 1231 4432 tituli
