3000 5040
274 461 320 525 68
588 471 769 522 otrannus
794 469 1020 522 canonensrs

277 626 423 703 adaucto,
440 625 495 689 sed
520 624 634 688 amodo
655 623 694 687 de
719 623 770 686 die
793 622 827 684 in
850 621 934 685 diem
957 618 1167 684 decrescendo
1189 629 1223 683 et
1243 619 1332 682 brevi

278 737 422 811 tempore
452 726 606 803 durando,
634 724 796 809 subjecit.¹
853 722 947 787 Hanc
975 722 1086 805 itaque
1114 721 1333 806 propheticam

280 827 560 892 comminationem
588 825 700 910 (quam
727 824 862 902 utinam,
893 823 1042 907 exemplo
1071 821 1172 906 Regis
1202 821 1333 898 Ninive,

279 952 337 1014 per
355 929 582 1015 poenitentiam
606 937 798 1005 evacuasset,
819 925 1075 1009 sententiamque
1101 924 1220 989 mutari
1239 924 1332 988 fecis·

278 1031 356 1115 setl)
384 1031 433 1096 vir
461 1042 589 1094 sanctus
618 1029 715 1112 Regi,
742 1028 824 1092 nihil
860 1050 903 1091 ex
939 1027 1200 1110 contingentibus
1235 1026 1332 1089 omit-

279 1134 389 1209 tendo,
404 1143 455 1199 ter
476 1133 582 1203 emisit
598 1158 606 1209 ;
629 1131 734 1216 primo
755 1129 942 1206 Londoniis,
959 1138 998 1192 ut
1019 1128 1162 1194 diximus
1177 1153 1186 1208 3
1204 1127 1331 1191 'deinde

279 1234 450 1314 Dovoriae3
474 1234 571 1298 tertio
586 1255 660 1298 vero
682 1233 768 1316 apud
788 1230 990 1297 Chinonense
1010 1239 1149 1295 castrum
1172 1230 1207 1292 in
1230 1239 1331 1293 trans-

278 1343 418 1408 marinis.
464 1343 530 1407 Sed
552 1343 676 1406 utinam
704 1341 890 1405 Patriarcha
911 1340 960 1403 vir
984 1339 1100 1404 fuisset
1123 1361 1187 1402 non
1209 1338 1331 1403 habens

278 1446 439 1532 spiritum,
462 1455 497 1509 et
519 1444 720 1509 mendacium
743 1444 854 1529 potius
876 1452 959 1507 esset
981 1442 1128 1508 locutus!
1151 1442 1202 1505 vel
1230 1441 1330 1524 magis

278 1549 470 1614 sententiam
485 1546 740 1612 comminationis
754 1545 871 1610 fuisset
884 1544 1079 1629 poenitentia
1100 1556 1210 1610 secuta
1233 1568 1330 1630 quam

281 1649 534 1735 desperationis!

323 1751 372 1814 Ut
399 1761 508 1814 autem
537 1750 578 1814 ad
607 1749 799 1814 evidentiam
828 1751 982 1834 majorem
1010 1750 1121 1835 paucis
1150 1752 1333 1815 summatim

278 1853 492 1938 anticipemus
512 1875 590 1937 quae
612 1852 741 1937 plenius
761 1852 967 1936 postmodum
987 1874 1232 1936 prosequemur,
1251 1854 1334 1917 sicut

279 1978 298 2018 a
321 1977 470 2039 praecone
491 1953 635 2019 veritatis
660 1963 709 2016 est
730 1951 942 2037 propositum,
967 1952 1012 2016 sic
1026 1953 1164 2017 vidimus
1185 1954 1220 2016 in
1244 1955 1333 2018 brevi

278 2055 484 2140 postmodum
501 2055 608 2120 divina
627 2054 837 2139 dispositione
857 2053 1063 2138 completum.
1110 2053 1192 2118 Cum
1215 2057 1335 2119 etenim

279 2169 402 2242 septem
427 2158 495 2221 fere
524 2158 626 2221 lustra
650 2157 813 2241 regnando
834 2156 1052 2240 compleverit,
1072 2179 1131 2220 sex
1157 2159 1232 2222 data
1260 2169 1336 2222 sunt

279 2260 310 2323 ei
333 2261 373 2324 ad
394 2260 589 2325 mundanam
609 2259 755 2343 gloriam,
771 2259 812 2322 ad
833 2258 1046 2322 conversionis
1066 2259 1278 2336 tolerantiam,
1294 2261 1335 2322 ad

282 2361 460 2426 devotionis
484 2361 737 2446 experientiam
771 2361 944 2445 septimum
963 2383 1048 2440 vero,
1069 2371 1223 2446 tanquam
1245 2384 1335 2425 servo

281 2465 418 2548 ingrato,
435 2475 599 2548 tamquam
621 2465 748 2549 abjecto
766 2486 896 2549 prorsus
918 2466 1154 2549 etreprobato,
1177 2465 1273 2529 cessit
1295 2465 1335 2528 ad

281 2567 466 2644 vindictam,
482 2567 577 2632 cessit
591 2568 632 2630 ad
647 2589 834 2644 aerumnam,
850 2565 945 2631 cessit
959 2567 1000 2630 ad
1014 2566 1231 2652 ignominiam.
1278 2566 1337 2630 Se-

281 2670 387 2734 cundo
407 2692 547 2754 namque
568 2668 663 2732 lustri
688 2669 817 2755 septimi
839 2672 949 2747 anno,²
970 2669 1079 2734 statim
1101 2669 1137 2732 in
1159 2669 1230 2752 ipso
1255 2668 1337 2732 tanti

281 2771 439 2856 praeconis
462 2772 612 2848 adventu,
636 2771 789 2856 quoniam
810 2781 885 2835 ante
905 2771 1032 2835 ruinam
1055 2769 1250 2835 exaltabitur
1272 2793 1337 2845 cor,

282 2872 405 2956 primus
435 2872 589 2956 ejusdem,
615 2895 712 2955 quem
744 2881 834 2935 tanta
860 2871 1027 2956 diligentia
1060 2883 1261 2956 promoverat
1285 2871 1337 2954 (de

283 2973 351 3036 filio
380 2995 424 3036 sc.
452 2973 600 3037 Johanne
634 2973 668 3035 in
696 2973 889 3037 Hiberniam
925 2973 1095 3058 mittendo)
1123 2975 1336 3058 pereuntibus

284 3096 382 3158 opera
395 3073 515 3158 pariter
530 3084 564 3141 et
584 3075 739 3158 impensa,
754 3097 829 3138 cum
845 3074 1015 3158 utriusque
1031 3074 1228 3154 confusione,
1243 3099 1338 3140 cona·

285 3186 338 3239 tus
361 3175 492 3239 evanuit
509 3176 600 3239 etad
618 3176 751 3260 plenum
771 3199 837 3239 non
859 3176 1014 3261 profecit,
1037 3178 1144 3255 terti0,
1159 3179 1216 3262 qui
1238 3188 1338 3242 terras

277 3299 451 3360 -nunquam
496 3287 591 3341 antea
632 3278 825 3363 perdiderat,
862 3279 918 3343 sed
954 3302 1080 3364 semper
1116 3304 1183 3345 suae
1223 3281 1338 3344 ditioni

285 3388 433 3462 potenter
455 3379 625 3463 adjecerat,
640 3377 793 3464 Philippo
808 3380 1005 3445 Francorum
1021 3381 1126 3466 Rege,
1142 3379 1337 3467 quamquam

285 3479 376 3543 annis
397 3479 502 3543 adhuc
523 3479 653 3557 tenello,
668 3479 816 3544 similiter
842 3481 878 3544 in
899 3482 1007 3567 ipsum
1029 3506 1116 3547 arma
1136 3495 1282 3549 sumente
1305 3494 1339 3548 et

287 3581 400 3644 damna
421 3591 555 3665 paterna
575 3581 777 3659 resarciente‚
793 3581 980 3648 Alverniam
1000 3585 1069 3650 fere
1090 3596 1192 3650 totam
1213 3587 1336 3665 emisit;

287 3692 413 3767 quarto,
438 3682 795 3770 Castellum-Radulphi
816 3696 850 3750 et
872 3687 964 3750 Berri
986 3687 1055 3752 fere
1076 3698 1196 3768 totam;
1223 3688 1339 3774 quinto

285 3806 360 3848 vero
375 3784 504 3868 septimi
518 3784 611 3849 lustri
626 3792 732 3850 anno³
747 3798 780 3851 et
790 3789 831 3852 ab
846 3789 986 3852 adventu
1001 3789 1196 3855 Patriarchae
1213 3801 1338 3875 quarto,

286 3886 382 3949 urbes
396 3886 690 3950 cenomannensem
705 3899 739 3951 et
755 3888 974 3953 Turonensem
989 3912 1062 3954 curn
1077 3892 1214 3956 castellis
1229 3892 1339 3955 multis

286 3996 319 4048 et
344 3985 474 4050 demum
500 3987 651 4071 seipsum,
671 3989 769 4072 juxta
794 3982 876 4053 illud
898 3989 1098 4056 Psalmistae:
1124 3991 1154 4056 A
1171 3995 1262 4075 facie
1284 3995 1340 4055 iroe

285 4095 316 4147 et
338 4086 563 4170 indignationis
589 4097 652 4153 tace
678 4091 753 4174 qnia
779 4091 901 4158 elevans
929 4093 1057 4156 allisisti
1079 4115 1148 4169 me,·
1180 4105 1214 4156 et
1239 4093 1339 4164 illud:

322 4256 329 4287 ¹
348 4256 390 4309 Ex
405 4258 466 4312 Hib.
481 4259 602 4330 Expugn.
615 4279 641 4332 p.
656 4264 715 4314 800.
872 4261 883 4290 ⁹
901 4266 1045 4317 n.o.1185.
1129 4263 1140 4294 ³
1157 4281 1210 4320 sn,
1225 4266 1302 4319 1189.
