<?xml version="1.0" encoding="UTF-8"?>
<!DOCTYPE html PUBLIC "-//W3C//DTD XHTML 1.0 Transitional//EN"
    "http://www.w3.org/TR/xhtml1/DTD/xhtml1-transitional.dtd">
<html xmlns="http://www.w3.org/1999/xhtml" xml:lang="en" lang="en">
 <head>
  <title>
</title>
<meta http-equiv="Content-Type" content="text/html;charset=utf-8" />
  <meta name='ocr-system' content='tesseract 3.04.00' />
  <meta name='ocr-capabilities' content='ocr_page ocr_carea ocr_par ocr_line ocrx_word'/>
</head>
<body>
  <div class='ocr_page' id='page_1' title='image "./giralduscambren00giragoog_0111.png"; bbox 0 0 3000 5016; ppageno 0'>
   <div class='ocr_carea' id='block_1_1' title="bbox 256 468 1001 541">
    <p class='ocr_par' dir='ltr' id='par_1_1' title="bbox 256 468 1001 541">
     <span class='ocr_line' id='line_1_1' title="bbox 256 468 1001 541; baseline -0.007 0"><span class='ocrx_word' id='word_1_1' title='bbox 256 468 299 541; x_wconf 78' lang='lat'><strong><em>70</em></strong></span> <span class='ocrx_word' id='word_1_2' title='bbox 567 486 750 538; x_wconf 69' lang='lat' dir='ltr'><strong><em>emrtuos</em></strong></span> <span class='ocrx_word' id='word_1_3' title='bbox 774 485 1001 537; x_wconf 73' lang='lat' dir='ltr'><strong><em>caueamus</em></strong></span> 
     </span>
    </p>
   </div>
   <div class='ocr_carea' id='block_1_2' title="bbox 253 632 1328 3869">
    <p class='ocr_par' dir='ltr' id='par_1_2' title="bbox 253 632 1316 1733">
     <span class='ocr_line' id='line_1_2' title="bbox 253 632 1309 720; baseline -0.007 -20"><span class='ocrx_word' id='word_1_4' title='bbox 253 636 421 700; x_wconf 88' lang='lat' dir='ltr'><strong><em>industriae</em></strong></span> <span class='ocrx_word' id='word_1_5' title='bbox 435 637 521 700; x_wconf 87' lang='lat' dir='ltr'><strong><em>bona</em></strong></span> <span class='ocrx_word' id='word_1_6' title='bbox 535 646 677 699; x_wconf 85' lang='lat' dir='ltr'><strong>mentem</strong></span> <span class='ocrx_word' id='word_1_7' title='bbox 690 637 773 700; x_wconf 91' lang='lat' dir='ltr'><strong><em>bene</em></strong></span> <span class='ocrx_word' id='word_1_8' title='bbox 789 636 998 720; x_wconf 77' lang='lat' dir='ltr'>compositam</span> <span class='ocrx_word' id='word_1_9' title='bbox 1014 634 1124 698; x_wconf 85' lang='lat' dir='ltr'><strong><em>audita</em></strong></span> <span class='ocrx_word' id='word_1_10' title='bbox 1138 632 1309 707; x_wconf 89' lang='lat' dir='ltr'><strong><em>delectant,</em></strong></span> 
     </span>
     <span class='ocr_line' id='line_1_3' title="bbox 255 733 1311 817; baseline -0.009 -13"><span class='ocrx_word' id='word_1_11' title='bbox 255 738 300 804; x_wconf 89' lang='lat' dir='ltr'><strong><em>sic</em></strong></span> <span class='ocrx_word' id='word_1_12' title='bbox 318 738 452 801; x_wconf 87' lang='lat' dir='ltr'><strong><em>recitata</em></strong></span> <span class='ocrx_word' id='word_1_13' title='bbox 473 737 566 801; x_wconf 88' lang='lat' dir='ltr'><strong><em>bonis</em></strong></span> <span class='ocrx_word' id='word_1_14' title='bbox 586 737 744 800; x_wconf 89' lang='lat' dir='ltr'><strong><em>contraria</em></strong></span> <span class='ocrx_word' id='word_1_15' title='bbox 764 758 829 799; x_wconf 94' lang='lat' dir='ltr'><strong><em>non</em></strong></span> <span class='ocrx_word' id='word_1_16' title='bbox 851 736 1025 800; x_wconf 90' lang='lat' dir='ltr'><strong><em>offendent.</em></strong></span> <span class='ocrx_word' id='word_1_17' title='bbox 1070 734 1136 798; x_wconf 87' lang='lat' dir='ltr'><strong><em>Sed</em></strong></span> <span class='ocrx_word' id='word_1_18' title='bbox 1159 733 1311 817; x_wconf 91' lang='lat' dir='ltr'><strong><em>quoniam</em></strong></span> 
     </span>
     <span class='ocr_line' id='line_1_4' title="bbox 253 836 1312 926; baseline -0.008 -23"><span class='ocrx_word' id='word_1_19' title='bbox 253 841 352 926; x_wconf 86' lang='lat' dir='ltr'><strong><em>juxta</em></strong></span> <span class='ocrx_word' id='word_1_20' title='bbox 374 838 633 923; x_wconf 90' lang='lat' dir='ltr'><strong><em>philosophicum</em></strong></span> <span class='ocrx_word' id='word_1_21' title='bbox 657 837 750 916; x_wconf 92' lang='lat' dir='ltr'><strong><em>illud,</em></strong></span> <span class='ocrx_word' id='word_1_22' title='bbox 771 836 879 901; x_wconf 79' lang='lat' dir='ltr'><em>Colere</em></span> <span class='ocrx_word' id='word_1_23' title='bbox 894 838 1005 920; x_wconf 70' lang='lat' dir='ltr'><strong><em>efficito</em></strong></span> <span class='ocrx_word' id='word_1_24' title='bbox 1026 843 1156 920; x_wconf 82' lang='lat' dir='ltr'><strong><em>oportet,</em></strong></span> <span class='ocrx_word' id='word_1_25' title='bbox 1175 857 1236 897; x_wconf 80' lang='lat' dir='ltr'><strong><em>aon</em></strong></span> <span class='ocrx_word' id='word_1_26' title='bbox 1258 856 1312 896; x_wconf 84' lang='lat' dir='ltr'><strong><em>eac-</em></strong></span> 
     </span>
     <span class='ocr_line' id='line_1_5' title="bbox 258 936 1313 1025; baseline -0.008 -21"><span class='ocrx_word' id='word_1_27' title='bbox 258 962 405 1025; x_wconf 74' lang='lat' dir='ltr'><strong><em>asperare</em></strong></span> <span class='ocrx_word' id='word_1_28' title='bbox 420 940 520 1002; x_wconf 79' lang='lat' dir='ltr'><strong><em>oerbia</em></strong></span> <span class='ocrx_word' id='word_1_29' title='bbox 536 947 746 1023; x_wconf 68' lang='lat' dir='ltr'><strong><em>potestaten,-</em></strong></span> <span class='ocrx_word' id='word_1_30' title='bbox 764 947 798 1002; x_wconf 91' lang='lat' dir='ltr'><strong><em>et</em></strong></span> <span class='ocrx_word' id='word_1_31' title='bbox 822 938 905 1001; x_wconf 92' lang='lat' dir='ltr'><strong><em>illud</em></strong></span> <span class='ocrx_word' id='word_1_32' title='bbox 927 937 1101 1002; x_wconf 87' lang='lat' dir='ltr'><strong><em>comicum:</em></strong></span> <span class='ocrx_word' id='word_1_33' title='bbox 1128 936 1313 1019; x_wconf 74' lang='lat' dir='ltr'><strong><em>Obsequium</em></strong></span> 
     </span>
     <span class='ocr_line' id='line_1_6' title="bbox 259 1039 1311 1123; baseline -0.006 -19"><span class='ocrx_word' id='word_1_34' title='bbox 259 1044 384 1119; x_wconf 79' lang='lat' dir='ltr'><strong><em>emicas,</em></strong></span> <span class='ocrx_word' id='word_1_35' title='bbox 400 1041 516 1104; x_wconf 80' lang='lat' dir='ltr'><strong><em>ceritas</em></strong></span> <span class='ocrx_word' id='word_1_36' title='bbox 536 1039 639 1102; x_wconf 80' lang='lat' dir='ltr'><strong><em>odium</em></strong></span> <span class='ocrx_word' id='word_1_37' title='bbox 658 1041 774 1123; x_wconf 81' lang='lat' dir='ltr'><strong><em>parit,·</em></strong></span> <span class='ocrx_word' id='word_1_38' title='bbox 796 1039 984 1104; x_wconf 89' lang='lat' dir='ltr'><strong><em>meticulosa</em></strong></span> <span class='ocrx_word' id='word_1_39' title='bbox 1006 1039 1159 1102; x_wconf 89' lang='lat' dir='ltr'><strong><em>nimirum</em></strong></span> <span class='ocrx_word' id='word_1_40' title='bbox 1180 1059 1231 1100; x_wconf 90' lang='lat' dir='ltr'><strong><em>res</em></strong></span> <span class='ocrx_word' id='word_1_41' title='bbox 1252 1046 1311 1113; x_wconf 90' lang='lat' dir='ltr'><strong><em>est,</em></strong></span> 
     </span>
     <span class='ocr_line' id='line_1_7' title="bbox 260 1139 1312 1227; baseline -0.007 -20"><span class='ocrx_word' id='word_1_42' title='bbox 260 1143 463 1227; x_wconf 89' lang='lat' dir='ltr'><strong><em>quantalibet</em></strong></span> <span class='ocrx_word' id='word_1_43' title='bbox 474 1140 638 1205; x_wconf 82' lang='lat' dir='ltr'>occasione</span> <span class='ocrx_word' id='word_1_44' title='bbox 652 1140 687 1203; x_wconf 91' lang='lat' dir='ltr'><strong><em>in</em></strong></span> <span class='ocrx_word' id='word_1_45' title='bbox 698 1140 791 1204; x_wconf 93' lang='lat' dir='ltr'><strong><em>illum</em></strong></span> <span class='ocrx_word' id='word_1_46' title='bbox 802 1141 949 1225; x_wconf 84' lang='lat' dir='ltr'><strong><em>allegare,</em></strong></span> <span class='ocrx_word' id='word_1_47' title='bbox 962 1141 1020 1226; x_wconf 93' lang='lat' dir='ltr'><strong><em>qui</em></strong></span> <span class='ocrx_word' id='word_1_48' title='bbox 1033 1149 1142 1226; x_wconf 89' lang='lat' dir='ltr'><strong><em>potest</em></strong></span> <span class='ocrx_word' id='word_1_49' title='bbox 1153 1139 1312 1222; x_wconf 88' lang='lat' dir='ltr'><strong><em>relegare;</em></strong></span> 
     </span>
     <span class='ocr_line' id='line_1_8' title="bbox 261 1241 1314 1326; baseline -0.005 -19"><span class='ocrx_word' id='word_1_50' title='bbox 261 1245 397 1307; x_wconf 89' lang='lat' dir='ltr'><strong><em>arduum</em></strong></span> <span class='ocrx_word' id='word_1_51' title='bbox 425 1265 507 1326; x_wconf 88' lang='lat' dir='ltr'><strong><em>opus</em></strong></span> <span class='ocrx_word' id='word_1_52' title='bbox 534 1252 568 1305; x_wconf 91' lang='lat' dir='ltr'><strong><em>et</em></strong></span> <span class='ocrx_word' id='word_1_53' title='bbox 602 1241 818 1326; x_wconf 87' lang='lat' dir='ltr'><strong><em>periculosum</em></strong></span> <span class='ocrx_word' id='word_1_54' title='bbox 852 1243 954 1326; x_wconf 84' lang='lat' dir='ltr'><strong><em>magis</em></strong></span> <span class='ocrx_word' id='word_1_55' title='bbox 982 1265 1079 1325; x_wconf 88' lang='lat' dir='ltr'><strong><em>quam</em></strong></span> <span class='ocrx_word' id='word_1_56' title='bbox 1112 1241 1314 1304; x_wconf 89' lang='lat' dir='ltr'><strong><em>fructuosum</em></strong></span> 
     </span>
     <span class='ocr_line' id='line_1_9' title="bbox 261 1342 1316 1428; baseline -0.004 -20"><span class='ocrx_word' id='word_1_57' title='bbox 261 1345 393 1428; x_wconf 86' lang='lat' dir='ltr'>arripui,</span> <span class='ocrx_word' id='word_1_58' title='bbox 420 1343 530 1408; x_wconf 87' lang='lat' dir='ltr'><strong><em>multis</em></strong></span> <span class='ocrx_word' id='word_1_59' title='bbox 563 1342 656 1408; x_wconf 91' lang='lat' dir='ltr'><strong><em>illum</em></strong></span> <span class='ocrx_word' id='word_1_60' title='bbox 681 1343 787 1408; x_wconf 84' lang='lat' dir='ltr'><strong><em>verbis</em></strong></span> <span class='ocrx_word' id='word_1_61' title='bbox 816 1344 1006 1421; x_wconf 83' lang='lat' dir='ltr'><strong><em>describere,</em></strong></span> <span class='ocrx_word' id='word_1_62' title='bbox 1033 1344 1091 1428; x_wconf 90' lang='lat' dir='ltr'><strong><em>qui</em></strong></span> <span class='ocrx_word' id='word_1_63' title='bbox 1108 1357 1185 1407; x_wconf 73' lang='lat' dir='ltr'><strong><em>&#39;uno</em></strong></span> <span class='ocrx_word' id='word_1_64' title='bbox 1207 1350 1316 1427; x_wconf 89' lang='lat' dir='ltr'><strong><em>potest</em></strong></span> 
     </span>
     <span class='ocr_line' id='line_1_10' title="bbox 259 1444 1315 1531; baseline -0.005 -21"><span class='ocrx_word' id='word_1_65' title='bbox 259 1447 358 1510; x_wconf 89' lang='lat' dir='ltr'><strong><em>verbo</em></strong></span> <span class='ocrx_word' id='word_1_66' title='bbox 381 1445 591 1529; x_wconf 82' lang='lat' dir='ltr'><strong><em>proscribere.</em></strong></span> <span class='ocrx_word' id='word_1_67' title='bbox 648 1444 837 1509; x_wconf 88' lang='lat' dir='ltr'><strong><em>Gratiosum</em></strong></span> <span class='ocrx_word' id='word_1_68' title='bbox 861 1445 983 1531; x_wconf 92' lang='lat' dir='ltr'>quippe</span> <span class='ocrx_word' id='word_1_69' title='bbox 1008 1446 1102 1524; x_wconf 84' lang='lat' dir='ltr'><strong><em>foret,</em></strong></span> <span class='ocrx_word' id='word_1_70' title='bbox 1131 1453 1165 1508; x_wconf 85' lang='lat' dir='ltr'><strong><em>et</em></strong></span> <span class='ocrx_word' id='word_1_71' title='bbox 1191 1453 1315 1506; x_wconf 86' lang='lat' dir='ltr'><strong><em>nostras</em></strong></span> 
     </span>
     <span class='ocr_line' id='line_1_11' title="bbox 260 1546 1315 1633; baseline -0.003 -23"><span class='ocrx_word' id='word_1_72' title='bbox 260 1548 355 1632; x_wconf 88' lang='lat' dir='ltr'><strong><em>longe</em></strong></span> <span class='ocrx_word' id='word_1_73' title='bbox 365 1546 448 1611; x_wconf 89' lang='lat' dir='ltr'><strong><em>vires</em></strong></span> <span class='ocrx_word' id='word_1_74' title='bbox 463 1546 633 1622; x_wconf 87' lang='lat' dir='ltr'><strong><em>excedens,</em></strong></span> <span class='ocrx_word' id='word_1_75' title='bbox 645 1546 814 1612; x_wconf 89' lang='lat' dir='ltr'><strong><em>veritatem</em></strong></span> <span class='ocrx_word' id='word_1_76' title='bbox 828 1547 863 1612; x_wconf 91' lang='lat' dir='ltr'><strong><em>in</em></strong></span> <span class='ocrx_word' id='word_1_77' title='bbox 878 1548 1011 1633; x_wconf 87' lang='lat' dir='ltr'><strong><em>singulis</em></strong></span> <span class='ocrx_word' id='word_1_78' title='bbox 1025 1570 1090 1612; x_wconf 93' lang='lat' dir='ltr'><strong><em>non</em></strong></span> <span class='ocrx_word' id='word_1_79' title='bbox 1105 1546 1315 1631; x_wconf 86' lang='lat' dir='ltr'><strong><em>supprimere,</em></strong></span> 
     </span>
     <span class='ocr_line' id='line_1_12' title="bbox 264 1645 1316 1733; baseline -0.001 -20"><span class='ocrx_word' id='word_1_80' title='bbox 264 1649 347 1713; x_wconf 85' lang='lat' dir='ltr'><strong><em>etin</em></strong></span> <span class='ocrx_word' id='word_1_81' title='bbox 361 1648 452 1712; x_wconf 93' lang='lat' dir='ltr'><strong><em>nullo</em></strong></span> <span class='ocrx_word' id='word_1_82' title='bbox 468 1658 576 1712; x_wconf 88' lang='lat' dir='ltr'><strong><em>tamen</em></strong></span> <span class='ocrx_word' id='word_1_83' title='bbox 591 1647 751 1732; x_wconf 87' lang='lat' dir='ltr'><strong><em>Principis</em></strong></span> <span class='ocrx_word' id='word_1_84' title='bbox 763 1647 906 1712; x_wconf 90' lang='lat' dir='ltr'><strong><em>animum</em></strong></span> <span class='ocrx_word' id='word_1_85' title='bbox 920 1670 1121 1733; x_wconf 77' lang='lat' dir='ltr'><strong><em>exasperare.</em></strong></span> <span class='ocrx_word' id='word_1_86' title='bbox 1313 1645 1316 1649; x_wconf 59' lang='grc'><em>’</em></span> 
     </span>
    </p>

    <p class='ocr_par' dir='ltr' id='par_1_3' title="bbox 263 1747 1328 3869">
     <span class='ocr_line' id='line_1_13' title="bbox 305 1747 1319 1832; baseline -0.003 -19"><span class='ocrx_word' id='word_1_87' title='bbox 305 1750 387 1814; x_wconf 86' lang='lat' dir='ltr'><strong><em>Erat</em></strong></span> <span class='ocrx_word' id='word_1_88' title='bbox 400 1748 501 1832; x_wconf 85' lang='lat' dir='ltr'><strong><em>igitur</em></strong></span> <span class='ocrx_word' id='word_1_89' title='bbox 516 1747 698 1832; x_wconf 85' lang='lat' dir='ltr'><strong><em>Anglorum</em></strong></span> <span class='ocrx_word' id='word_1_90' title='bbox 713 1748 792 1812; x_wconf 84' lang='lat' dir='ltr'><strong><em>Rex</em></strong></span> <span class='ocrx_word' id='word_1_91' title='bbox 806 1748 969 1814; x_wconf 89' lang='lat' dir='ltr'><strong><em>Henricus</em></strong></span> <span class='ocrx_word' id='word_1_92' title='bbox 983 1750 1166 1826; x_wconf 87' lang='lat' dir='ltr'><strong><em>secundus,¹</em></strong></span> <span class='ocrx_word' id='word_1_93' title='bbox 1180 1749 1229 1813; x_wconf 87' lang='lat' dir='ltr'><strong><em>vir</em></strong></span> <span class='ocrx_word' id='word_1_94' title='bbox 1243 1749 1319 1812; x_wconf 92' lang='lat' dir='ltr'><strong><em>sub·</em></strong></span> 
     </span>
     <span class='ocr_line' id='line_1_14' title="bbox 263 1849 1319 1938; baseline -0.002 -24"><span class='ocrx_word' id='word_1_95' title='bbox 263 1852 381 1938; x_wconf 69' lang='lat' dir='ltr'><strong><em>rufus,52</em></strong></span> <span class='ocrx_word' id='word_1_96' title='bbox 393 1850 518 1927; x_wconf 71' lang='lat' dir='ltr'><strong><em>oaesiuS,</em></strong></span> <span class='ocrx_word' id='word_1_97' title='bbox 534 1849 641 1933; x_wconf 92' lang='lat' dir='ltr'><strong><em>amplo</em></strong></span> <span class='ocrx_word' id='word_1_98' title='bbox 655 1850 758 1934; x_wconf 90' lang='lat' dir='ltr'><strong><em>capite</em></strong></span> <span class='ocrx_word' id='word_1_99' title='bbox 781 1862 816 1915; x_wconf 92' lang='lat' dir='ltr'><strong><em>et</em></strong></span> <span class='ocrx_word' id='word_1_100' title='bbox 840 1853 991 1930; x_wconf 88' lang='lat' dir='ltr'><strong><em>rotundo,</em></strong></span> <span class='ocrx_word' id='word_1_101' title='bbox 1007 1853 1107 1916; x_wconf 91' lang='lat' dir='ltr'><strong><em>oculis</em></strong></span> <span class='ocrx_word' id='word_1_102' title='bbox 1131 1851 1252 1936; x_wconf 87' lang='lat' dir='ltr'><strong><em>glaucis</em></strong></span> <span class='ocrx_word' id='word_1_103' title='bbox 1278 1849 1319 1912; x_wconf 90' lang='lat' dir='ltr'><strong><em>ad</em></strong></span> 
     </span>
     <span class='ocr_line' id='line_1_15' title="bbox 263 1950 1319 2040; baseline -0.003 -24"><span class='ocrx_word' id='word_1_104' title='bbox 263 1953 344 2016; x_wconf 90' lang='lat' dir='ltr'><strong><em>iram</em></strong></span> <span class='ocrx_word' id='word_1_105' title='bbox 359 1950 457 2015; x_wconf 84' lang='lat' dir='ltr'><strong><em>torvis</em></strong></span> <span class='ocrx_word' id='word_1_106' title='bbox 472 1961 505 2015; x_wconf 89' lang='lat' dir='ltr'><strong><em>et</em></strong></span> <span class='ocrx_word' id='word_1_107' title='bbox 518 1952 636 2014; x_wconf 91' lang='lat' dir='ltr'><strong><em>rubore</em></strong></span> <span class='ocrx_word' id='word_1_108' title='bbox 652 1951 791 2029; x_wconf 86' lang='lat' dir='ltr'><strong><em>suffusis,</em></strong></span> <span class='ocrx_word' id='word_1_109' title='bbox 803 1952 885 2016; x_wconf 86' lang='lat' dir='ltr'><strong><em>facie</em></strong></span> <span class='ocrx_word' id='word_1_110' title='bbox 899 1953 1003 2037; x_wconf 85' lang='lat' dir='ltr'><strong><em>ignea,</em></strong></span> <span class='ocrx_word' id='word_1_111' title='bbox 1015 1976 1091 2018; x_wconf 84' lang='lat' dir='ltr'><strong><em>voce</em></strong></span> <span class='ocrx_word' id='word_1_112' title='bbox 1104 1975 1227 2040; x_wconf 88' lang='lat' dir='ltr'><strong><em>quassa,</em></strong></span> <span class='ocrx_word' id='word_1_113' title='bbox 1238 1951 1319 2014; x_wconf 89' lang='lat' dir='ltr'><strong><em>collo</em></strong></span> 
     </span>
     <span class='ocr_line' id='line_1_16' title="bbox 265 2051 1318 2140; baseline -0.003 -21"><span class='ocrx_word' id='word_1_114' title='bbox 265 2055 306 2119; x_wconf 85' lang='lat' dir='ltr'><strong><em>ab</em></strong></span> <span class='ocrx_word' id='word_1_115' title='bbox 342 2051 486 2116; x_wconf 83' lang='lat' dir='ltr'><strong><em>humeris</em></strong></span> <span class='ocrx_word' id='word_1_116' title='bbox 525 2053 763 2136; x_wconf 91' lang='lat' dir='ltr'><strong><em>aliquantulum</em></strong></span> <span class='ocrx_word' id='word_1_117' title='bbox 800 2054 948 2133; x_wconf 88' lang='lat' dir='ltr'><strong><em>demisso,</em></strong></span> <span class='ocrx_word' id='word_1_118' title='bbox 983 2066 1112 2140; x_wconf 89' lang='lat' dir='ltr'><strong><em>pectore</em></strong></span> <span class='ocrx_word' id='word_1_119' title='bbox 1151 2056 1318 2140; x_wconf 88' lang='lat' dir='ltr'><strong><em>quadrato,</em></strong></span> 
     </span>
     <span class='ocr_line' id='line_1_17' title="bbox 265 2153 1320 2241; baseline -0.001 -22"><span class='ocrx_word' id='word_1_120' title='bbox 265 2153 403 2220; x_wconf 87' lang='lat' dir='ltr'><strong><em>brachiis</em></strong></span> <span class='ocrx_word' id='word_1_121' title='bbox 419 2153 542 2232; x_wconf 86' lang='lat' dir='ltr'><strong><em>validis,</em></strong></span> <span class='ocrx_word' id='word_1_122' title='bbox 566 2176 698 2240; x_wconf 88' lang='lat' dir='ltr'><strong><em>corpore</em></strong></span> <span class='ocrx_word' id='word_1_123' title='bbox 725 2177 866 2233; x_wconf 90' lang='lat' dir='ltr'><strong><em>carnoso,</em></strong></span> <span class='ocrx_word' id='word_1_124' title='bbox 890 2166 924 2220; x_wconf 89' lang='lat' dir='ltr'><strong><em>et</em></strong></span> <span class='ocrx_word' id='word_1_125' title='bbox 947 2168 1073 2221; x_wconf 90' lang='lat' dir='ltr'><strong><em>naturae</em></strong></span> <span class='ocrx_word' id='word_1_126' title='bbox 1096 2157 1197 2241; x_wconf 88' lang='lat' dir='ltr'><strong><em>magis</em></strong></span> <span class='ocrx_word' id='word_1_127' title='bbox 1223 2179 1320 2240; x_wconf 92' lang='lat' dir='ltr'><strong><em>quam</em></strong></span> 
     </span>
     <span class='ocr_line' id='line_1_18' title="bbox 265 2255 1319 2344; baseline 0.001 -24"><span class='ocrx_word' id='word_1_128' title='bbox 265 2257 352 2341; x_wconf 84' lang='lat' dir='ltr'><strong><em>gulae</em></strong></span> <span class='ocrx_word' id='word_1_129' title='bbox 368 2255 457 2335; x_wconf 84' lang='lat' dir='ltr'><strong><em>vitio,</em></strong></span> <span class='ocrx_word' id='word_1_130' title='bbox 473 2256 553 2320; x_wconf 88' lang='lat' dir='ltr'><strong><em>citra</em></strong></span> <span class='ocrx_word' id='word_1_131' title='bbox 573 2266 734 2320; x_wconf 91' lang='lat' dir='ltr'><strong><em>tumorem</em></strong></span> <span class='ocrx_word' id='word_1_132' title='bbox 756 2280 919 2322; x_wconf 88' lang='lat' dir='ltr'><strong><em>enormem</em></strong></span> <span class='ocrx_word' id='word_1_133' title='bbox 941 2268 975 2322; x_wconf 92' lang='lat' dir='ltr'><strong><em>et</em></strong></span> <span class='ocrx_word' id='word_1_134' title='bbox 996 2269 1158 2344; x_wconf 87' lang='lat' dir='ltr'><strong><em>torporem</em></strong></span> <span class='ocrx_word' id='word_1_135' title='bbox 1182 2281 1319 2336; x_wconf 88' lang='lat' dir='ltr'><strong><em>omnem,</em></strong></span> 
     </span>
     <span class='ocr_line' id='line_1_19' title="bbox 265 2357 1322 2445; baseline 0 -23"><span class='ocrx_word' id='word_1_136' title='bbox 265 2359 430 2423; x_wconf 89' lang='lat' dir='ltr'><strong><em>moderata</em></strong></span> <span class='ocrx_word' id='word_1_137' title='bbox 454 2358 591 2442; x_wconf 86' lang='lat' dir='ltr'><strong><em>quadam</em></strong></span> <span class='ocrx_word' id='word_1_138' title='bbox 613 2357 858 2423; x_wconf 82' lang='lat' dir='ltr'><strong><em>immoderantia</em></strong></span> <span class='ocrx_word' id='word_1_139' title='bbox 880 2369 991 2424; x_wconf 85' lang='lat' dir='ltr'><strong><em>ventre</em></strong></span> <span class='ocrx_word' id='word_1_140' title='bbox 1019 2361 1196 2445; x_wconf 88' lang='lat' dir='ltr'><strong><em>peramplo.</em></strong></span> <span class='ocrx_word' id='word_1_141' title='bbox 1240 2359 1322 2422; x_wconf 86' lang='lat' dir='ltr'><strong><em>Erat</em></strong></span> 
     </span>
     <span class='ocr_line' id='line_1_20' title="bbox 265 2460 1320 2546; baseline -0.002 -20"><span class='ocrx_word' id='word_1_142' title='bbox 265 2461 352 2526; x_wconf 89' lang='lat' dir='ltr'><strong><em>enim</em></strong></span> <span class='ocrx_word' id='word_1_143' title='bbox 372 2460 444 2523; x_wconf 93' lang='lat' dir='ltr'><strong><em>cibo</em></strong></span> <span class='ocrx_word' id='word_1_144' title='bbox 466 2469 615 2544; x_wconf 89' lang='lat' dir='ltr'><strong><em>potuque</em></strong></span> <span class='ocrx_word' id='word_1_145' title='bbox 639 2460 803 2524; x_wconf 84' lang='lat' dir='ltr'><strong><em>modestus</em></strong></span> <span class='ocrx_word' id='word_1_146' title='bbox 825 2482 862 2524; x_wconf 92' lang='lat' dir='ltr'><strong><em>ac</em></strong></span> <span class='ocrx_word' id='word_1_147' title='bbox 885 2461 1021 2539; x_wconf 77' lang='lat' dir='ltr'><strong><em>sobrino,</em></strong></span> <span class='ocrx_word' id='word_1_148' title='bbox 1045 2473 1080 2526; x_wconf 89' lang='lat' dir='ltr'><strong><em>ot</em></strong></span> <span class='ocrx_word' id='word_1_149' title='bbox 1103 2462 1320 2546; x_wconf 83' lang='lat' dir='ltr'><strong><em>parcimoniae,</em></strong></span> 
     </span>
     <span class='ocr_line' id='line_1_21' title="bbox 266 2561 1320 2648; baseline 0 -22"><span class='ocrx_word' id='word_1_150' title='bbox 266 2563 374 2648; x_wconf 90' lang='lat' dir='ltr'><strong><em>quoad</em></strong></span> <span class='ocrx_word' id='word_1_151' title='bbox 387 2561 528 2648; x_wconf 87' lang='lat' dir='ltr'><strong><em>principi</em></strong></span> <span class='ocrx_word' id='word_1_152' title='bbox 550 2561 653 2638; x_wconf 90' lang='lat' dir='ltr'><strong><em>licuit,</em></strong></span> <span class='ocrx_word' id='word_1_153' title='bbox 669 2583 728 2646; x_wconf 92' lang='lat' dir='ltr'><strong><em>per</em></strong></span> <span class='ocrx_word' id='word_1_154' title='bbox 741 2561 848 2625; x_wconf 89' lang='lat' dir='ltr'><strong><em>omnia</em></strong></span> <span class='ocrx_word' id='word_1_155' title='bbox 862 2562 975 2641; x_wconf 78' lang='lat' dir='ltr'><strong><em>datus3</em></strong></span> <span class='ocrx_word' id='word_1_156' title='bbox 1000 2572 1033 2626; x_wconf 90' lang='lat' dir='ltr'><strong><em>et</em></strong></span> <span class='ocrx_word' id='word_1_157' title='bbox 1047 2574 1086 2628; x_wconf 84' lang='lat' dir='ltr'><strong><em>ut</em></strong></span> <span class='ocrx_word' id='word_1_158' title='bbox 1098 2564 1181 2627; x_wconf 90' lang='lat' dir='ltr'><strong><em>hano</em></strong></span> <span class='ocrx_word' id='word_1_159' title='bbox 1195 2574 1320 2627; x_wconf 88' lang='lat' dir='ltr'><strong><em>naturae</em></strong></span> 
     </span>
     <span class='ocr_line' id='line_1_22' title="bbox 265 2651 1322 2749; baseline -0.003 -19"><span class='ocrx_word' id='word_1_160' title='bbox 265 2664 417 2749; x_wconf 82' lang='lat' dir='ltr'><strong><em>injmiam</em></strong></span> <span class='ocrx_word' id='word_1_161' title='bbox 453 2662 613 2726; x_wconf 87' lang='lat' dir='ltr'><strong><em>industria</em></strong></span> <span class='ocrx_word' id='word_1_162' title='bbox 648 2651 838 2746; x_wconf 87' lang='lat' dir='ltr'><strong><em>reprimeret</em></strong></span> <span class='ocrx_word' id='word_1_163' title='bbox 873 2685 909 2726; x_wconf 93' lang='lat' dir='ltr'><strong><em>ac</em></strong></span> <span class='ocrx_word' id='word_1_164' title='bbox 945 2664 1120 2748; x_wconf 86' lang='lat' dir='ltr'><strong><em>mitigaret,</em></strong></span> <span class='ocrx_word' id='word_1_165' title='bbox 1154 2665 1322 2748; x_wconf 89' lang='lat' dir='ltr'><strong><em>carnisque</em></strong></span> 
     </span>
     <span class='ocr_line' id='line_1_23' title="bbox 266 2763 1323 2850; baseline -0.001 -19"><span class='ocrx_word' id='word_1_166' title='bbox 266 2767 384 2832; x_wconf 86' lang='lat' dir='ltr'><strong><em>vitium</em></strong></span> <span class='ocrx_word' id='word_1_167' title='bbox 398 2764 497 2830; x_wconf 90' lang='lat' dir='ltr'><strong><em>animi</em></strong></span> <span class='ocrx_word' id='word_1_168' title='bbox 511 2763 632 2827; x_wconf 87' lang='lat' dir='ltr'><strong><em>virtute</em></strong></span> <span class='ocrx_word' id='word_1_169' title='bbox 646 2763 776 2842; x_wconf 89' lang='lat' dir='ltr'><strong><em>levaret,</em></strong></span> <span class='ocrx_word' id='word_1_170' title='bbox 787 2764 874 2828; x_wconf 84' lang='lat' dir='ltr'><strong><em>bello</em></strong></span> <span class='ocrx_word' id='word_1_171' title='bbox 889 2766 1061 2850; x_wconf 90' lang='lat' dir='ltr'><strong><em>plusquam</em></strong></span> <span class='ocrx_word' id='word_1_172' title='bbox 1074 2767 1233 2831; x_wconf 89' lang='lat' dir='ltr'><strong><em>intestino</em></strong></span> <span class='ocrx_word' id='word_1_173' title='bbox 1243 2777 1323 2830; x_wconf 89' lang='lat' dir='ltr'><strong><em>tam·</em></strong></span> 
     </span>
     <span class='ocr_line' id='line_1_24' title="bbox 268 2866 1323 2952; baseline 0.001 -21"><span class='ocrx_word' id='word_1_174' title='bbox 268 2890 366 2952; x_wconf 86' lang='lat' dir='ltr'><strong><em>quam</em></strong></span> <span class='ocrx_word' id='word_1_175' title='bbox 390 2867 425 2929; x_wconf 92' lang='lat' dir='ltr'><strong><em>in</em></strong></span> <span class='ocrx_word' id='word_1_176' title='bbox 450 2888 485 2928; x_wconf 89' lang='lat' dir='ltr'><strong><em>se</em></strong></span> <span class='ocrx_word' id='word_1_177' title='bbox 507 2866 676 2949; x_wconf 89' lang='lat' dir='ltr'><strong><em>conjurans</em></strong></span> <span class='ocrx_word' id='word_1_178' title='bbox 701 2866 911 2930; x_wconf 86' lang='lat' dir='ltr'><strong><em>immoderata</em></strong></span> <span class='ocrx_word' id='word_1_179' title='bbox 933 2890 1048 2952; x_wconf 90' lang='lat' dir='ltr'><strong><em>corpus</em></strong></span> <span class='ocrx_word' id='word_1_180' title='bbox 1065 2869 1236 2933; x_wconf 85' lang='lat' dir='ltr'><strong><em>vexatione</em></strong></span> <span class='ocrx_word' id='word_1_181' title='bbox 1258 2879 1323 2934; x_wconf 87' lang='lat' dir='ltr'><strong><em>tor-</em></strong></span> 
     </span>
     <span class='ocr_line' id='line_1_25' title="bbox 270 2965 1324 3054; baseline 0.001 -22"><span class='ocrx_word' id='word_1_182' title='bbox 270 2968 400 3053; x_wconf 89' lang='lat' dir='ltr'><strong><em>quebat.</em></strong></span> <span class='ocrx_word' id='word_1_183' title='bbox 446 2965 533 3029; x_wconf 89' lang='lat' dir='ltr'><strong><em>Nam</em></strong></span> <span class='ocrx_word' id='word_1_184' title='bbox 553 2976 673 3051; x_wconf 87' lang='lat' dir='ltr'><strong><em>praeter</em></strong></span> <span class='ocrx_word' id='word_1_185' title='bbox 697 2967 858 3032; x_wconf 88' lang='lat' dir='ltr'><strong><em>bellorum</em></strong></span> <span class='ocrx_word' id='word_1_186' title='bbox 880 2978 1025 3053; x_wconf 90' lang='lat' dir='ltr'><strong><em>tempora</em></strong></span> <span class='ocrx_word' id='word_1_187' title='bbox 1037 2992 1114 3053; x_wconf 91' lang='lat' dir='ltr'><strong><em>quae</em></strong></span> <span class='ocrx_word' id='word_1_188' title='bbox 1137 2970 1324 3054; x_wconf 86' lang='lat' dir='ltr'><strong><em>frequenter</em></strong></span> 
     </span>
     <span class='ocr_line' id='line_1_26' title="bbox 269 3068 1325 3156; baseline 0.003 -24"><span class='ocrx_word' id='word_1_189' title='bbox 269 3068 490 3144; x_wconf 89' lang='lat' dir='ltr'><strong><em>imminebant,</em></strong></span> <span class='ocrx_word' id='word_1_190' title='bbox 505 3068 593 3150; x_wconf 91' lang='lat' dir='ltr'><strong><em>quod</em></strong></span> <span class='ocrx_word' id='word_1_191' title='bbox 614 3069 711 3132; x_wconf 89' lang='lat' dir='ltr'><strong><em>rebus</em></strong></span> <span class='ocrx_word' id='word_1_192' title='bbox 737 3070 869 3154; x_wconf 87' lang='lat' dir='ltr'><strong><em>agendis</em></strong></span> <span class='ocrx_word' id='word_1_193' title='bbox 888 3081 1065 3156; x_wconf 89' lang='lat' dir='ltr'><strong><em>supererat,</em></strong></span> <span class='ocrx_word' id='word_1_194' title='bbox 1080 3073 1137 3138; x_wconf 86' lang='lat' dir='ltr'><strong><em>vix</em></strong></span> <span class='ocrx_word' id='word_1_195' title='bbox 1159 3073 1194 3136; x_wconf 91' lang='lat' dir='ltr'><strong><em>id</em></strong></span> <span class='ocrx_word' id='word_1_196' title='bbox 1215 3073 1325 3137; x_wconf 89' lang='lat' dir='ltr'><strong><em>tantil-</em></strong></span> 
     </span>
     <span class='ocr_line' id='line_1_27' title="bbox 269 3169 1325 3258; baseline 0.004 -24"><span class='ocrx_word' id='word_1_197' title='bbox 269 3171 339 3234; x_wconf 95' lang='lat' dir='ltr'><strong><em>lum</em></strong></span> <span class='ocrx_word' id='word_1_198' title='bbox 362 3169 466 3253; x_wconf 93' lang='lat' dir='ltr'><strong><em>quieti</em></strong></span> <span class='ocrx_word' id='word_1_199' title='bbox 481 3169 586 3233; x_wconf 86' lang='lat' dir='ltr'><strong><em>dabat.</em></strong></span> <span class='ocrx_word' id='word_1_200' title='bbox 624 3169 716 3234; x_wconf 89' lang='lat' dir='ltr'><strong><em>Pacis</em></strong></span> <span class='ocrx_word' id='word_1_201' title='bbox 739 3193 871 3255; x_wconf 92' lang='lat' dir='ltr'><strong><em>quoque</em></strong></span> <span class='ocrx_word' id='word_1_202' title='bbox 893 3182 1048 3256; x_wconf 88' lang='lat' dir='ltr'><strong><em>tempore,</em></strong></span> <span class='ocrx_word' id='word_1_203' title='bbox 1064 3173 1124 3238; x_wconf 90' lang='lat' dir='ltr'><strong><em>sibi</em></strong></span> <span class='ocrx_word' id='word_1_204' title='bbox 1140 3197 1199 3238; x_wconf 91' lang='lat' dir='ltr'><strong><em>nec</em></strong></span> <span class='ocrx_word' id='word_1_205' title='bbox 1213 3197 1325 3258; x_wconf 90' lang='lat' dir='ltr'><strong><em>pacem</em></strong></span> 
     </span>
     <span class='ocr_line' id='line_1_28' title="bbox 271 3270 1325 3362; baseline 0.005 -27"><span class='ocrx_word' id='word_1_206' title='bbox 271 3272 370 3335; x_wconf 90' lang='lat' dir='ltr'><strong><em>ullam</em></strong></span> <span class='ocrx_word' id='word_1_207' title='bbox 395 3293 455 3333; x_wconf 91' lang='lat' dir='ltr'><strong><em>nec</em></strong></span> <span class='ocrx_word' id='word_1_208' title='bbox 480 3270 627 3353; x_wconf 89' lang='lat' dir='ltr'><strong><em>requiem</em></strong></span> <span class='ocrx_word' id='word_1_209' title='bbox 651 3271 860 3356; x_wconf 87' lang='lat' dir='ltr'><strong><em>indulgebat;</em></strong></span> <span class='ocrx_word' id='word_1_210' title='bbox 890 3274 1052 3338; x_wconf 89' lang='lat' dir='ltr'><strong><em>venationi</em></strong></span> <span class='ocrx_word' id='word_1_211' title='bbox 1076 3297 1215 3362; x_wconf 90' lang='lat' dir='ltr'><strong><em>namque</em></strong></span> <span class='ocrx_word' id='word_1_212' title='bbox 1239 3287 1325 3340; x_wconf 89' lang='lat' dir='ltr'><strong><em>trans</em></strong></span> 
     </span>
     <span class='ocr_line' id='line_1_29' title="bbox 270 3371 1326 3462; baseline 0.006 -26"><span class='ocrx_word' id='word_1_213' title='bbox 270 3371 459 3436; x_wconf 89' lang='lat' dir='ltr'><strong><em>modestiam</em></strong></span> <span class='ocrx_word' id='word_1_214' title='bbox 482 3371 620 3449; x_wconf 89' lang='lat' dir='ltr'><strong><em>deditus,</em></strong></span> <span class='ocrx_word' id='word_1_215' title='bbox 643 3395 767 3437; x_wconf 87' lang='lat' dir='ltr'><strong><em>summo</em></strong></span> <span class='ocrx_word' id='word_1_216' title='bbox 793 3374 935 3439; x_wconf 91' lang='lat' dir='ltr'><strong><em>diluculo</em></strong></span> <span class='ocrx_word' id='word_1_217' title='bbox 963 3399 1048 3462; x_wconf 89' lang='lat' dir='ltr'><strong><em>equo</em></strong></span> <span class='ocrx_word' id='word_1_218' title='bbox 1073 3400 1201 3443; x_wconf 87' lang='lat' dir='ltr'><strong><em>cursore</em></strong></span> <span class='ocrx_word' id='word_1_219' title='bbox 1224 3388 1326 3442; x_wconf 88' lang='lat' dir='ltr'><strong><em>trans-</em></strong></span> 
     </span>
     <span class='ocr_line' id='line_1_30' title="bbox 269 3473 1326 3563; baseline 0.003 -22"><span class='ocrx_word' id='word_1_220' title='bbox 269 3484 389 3551; x_wconf 87' lang='lat' dir='ltr'><strong><em>vectus,</em></strong></span> <span class='ocrx_word' id='word_1_221' title='bbox 404 3494 491 3537; x_wconf 91' lang='lat' dir='ltr'><strong><em>nunc</em></strong></span> <span class='ocrx_word' id='word_1_222' title='bbox 512 3473 612 3537; x_wconf 89' lang='lat' dir='ltr'><strong><em>saltus</em></strong></span> <span class='ocrx_word' id='word_1_223' title='bbox 633 3473 782 3552; x_wconf 87' lang='lat' dir='ltr'><strong><em>lustrans,</em></strong></span> <span class='ocrx_word' id='word_1_224' title='bbox 802 3498 889 3540; x_wconf 92' lang='lat' dir='ltr'><strong><em>nunc</em></strong></span> <span class='ocrx_word' id='word_1_225' title='bbox 911 3477 1014 3562; x_wconf 87' lang='lat' dir='ltr'><strong><em>sylvas</em></strong></span> <span class='ocrx_word' id='word_1_226' title='bbox 1036 3490 1217 3563; x_wconf 89' lang='lat' dir='ltr'><strong><em>penetrans,</em></strong></span> <span class='ocrx_word' id='word_1_227' title='bbox 1239 3502 1326 3544; x_wconf 90' lang='lat' dir='ltr'><strong><em>nuno</em></strong></span> 
     </span>
     <span class='ocr_line' id='line_1_31' title="bbox 269 3576 1326 3664; baseline 0.004 -23"><span class='ocrx_word' id='word_1_228' title='bbox 269 3576 431 3641; x_wconf 88' lang='lat' dir='ltr'><strong><em>montium</em></strong></span> <span class='ocrx_word' id='word_1_229' title='bbox 469 3576 550 3660; x_wconf 85' lang='lat' dir='ltr'><strong><em>juga</em></strong></span> <span class='ocrx_word' id='word_1_230' title='bbox 589 3576 827 3654; x_wconf 85' lang='lat' dir='ltr'><strong><em>transcendens,</em></strong></span> <span class='ocrx_word' id='word_1_231' title='bbox 863 3578 931 3642; x_wconf 90' lang='lat' dir='ltr'><strong><em>dies</em></strong></span> <span class='ocrx_word' id='word_1_232' title='bbox 965 3579 1104 3644; x_wconf 92' lang='lat' dir='ltr'><strong><em>ducebat</em></strong></span> <span class='ocrx_word' id='word_1_233' title='bbox 1139 3580 1326 3664; x_wconf 91' lang='lat' dir='ltr'><strong><em>inquietos;</em></strong></span> 
     </span>
     <span class='ocr_line' id='line_1_32' title="bbox 270 3676 1328 3772; baseline 0.003 -29"><span class='ocrx_word' id='word_1_234' title='bbox 270 3700 401 3772; x_wconf 81' lang='lat' dir='ltr'><strong><em>vespere</em></strong></span> <span class='ocrx_word' id='word_1_235' title='bbox 419 3699 494 3741; x_wconf 84' lang='lat' dir='ltr'><strong><em>vero</em></strong></span> <span class='ocrx_word' id='word_1_236' title='bbox 516 3676 647 3740; x_wconf 91' lang='lat' dir='ltr'><strong><em>domum</em></strong></span> <span class='ocrx_word' id='word_1_237' title='bbox 668 3687 845 3762; x_wconf 89' lang='lat' dir='ltr'><strong><em>receptum,</em></strong></span> <span class='ocrx_word' id='word_1_238' title='bbox 861 3679 912 3743; x_wconf 79' lang='lat' dir='ltr'><strong><em>vel</em></strong></span> <span class='ocrx_word' id='word_1_239' title='bbox 934 3689 1009 3743; x_wconf 89' lang='lat' dir='ltr'><strong><em>ante</em></strong></span> <span class='ocrx_word' id='word_1_240' title='bbox 1031 3683 1222 3747; x_wconf 85' lang='lat' dir='ltr'><strong><em>coenamve]</em></strong></span> <span class='ocrx_word' id='word_1_241' title='bbox 1243 3693 1328 3767; x_wconf 89' lang='lat' dir='ltr'><strong><em>post,</em></strong></span> 
     </span>
     <span class='ocr_line' id='line_1_33' title="bbox 270 3776 1327 3869; baseline 0.002 -24"><span class='ocrx_word' id='word_1_242' title='bbox 270 3779 429 3845; x_wconf 88' lang='lat' dir='ltr'><strong><em>rarissime</em></strong></span> <span class='ocrx_word' id='word_1_243' title='bbox 466 3776 632 3840; x_wconf 88' lang='lat' dir='ltr'><strong><em>sedentem</em></strong></span> <span class='ocrx_word' id='word_1_244' title='bbox 668 3779 906 3862; x_wconf 66' lang='lat' dir='ltr'><strong><em>conspexerim.</em></strong></span> <span class='ocrx_word' id='word_1_245' title='bbox 939 3779 1020 3846; x_wconf 91' lang='lat' dir='ltr'><strong><em>Post</em></strong></span> <span class='ocrx_word' id='word_1_246' title='bbox 1049 3793 1154 3846; x_wconf 88' lang='lat' dir='ltr'><strong><em>tantas</em></strong></span> <span class='ocrx_word' id='word_1_247' title='bbox 1188 3807 1327 3869; x_wconf 90' lang='lat' dir='ltr'><strong><em>namque</em></strong></span> 
     </span>
    </p>
   </div>
   <div class='ocr_carea' id='block_1_3' title="bbox 272 3949 1329 4170">
    <p class='ocr_par' dir='ltr' id='par_1_4' title="bbox 272 3949 1329 4170">
     <span class='ocr_line' id='line_1_34' title="bbox 307 3949 1329 4021; baseline 0.007 -16"><span class='ocrx_word' id='word_1_248' title='bbox 307 3953 400 4005; x_wconf 87' lang='lat' dir='ltr'><strong><em>¹This</em></strong></span> <span class='ocrx_word' id='word_1_249' title='bbox 441 3949 596 4021; x_wconf 89' lang='lat' dir='ltr'><strong><em>description</em></strong></span> <span class='ocrx_word' id='word_1_250' title='bbox 636 3951 666 4003; x_wconf 91' lang='lat' dir='ltr'><strong><em>of</em></strong></span> <span class='ocrx_word' id='word_1_251' title='bbox 704 3951 776 4021; x_wconf 85' lang='lat' dir='ltr'><strong><em>King</em></strong></span> <span class='ocrx_word' id='word_1_252' title='bbox 827 3953 900 4010; x_wconf 90' lang='lat' dir='ltr'><strong><em>tion:</em></strong></span> <span class='ocrx_word' id='word_1_253' title='bbox 930 3953 1094 4009; x_wconf 84' lang='lat' dir='ltr'><strong><em>“Submfum</em></strong></span> <span class='ocrx_word' id='word_1_254' title='bbox 1118 3957 1243 4012; x_wconf 86' lang='lat' dir='ltr'><strong><em>hactenus</em></strong></span> <span class='ocrx_word' id='word_1_255' title='bbox 1262 3960 1329 4012; x_wconf 82' lang='lat' dir='ltr'><strong><em>exti-</em></strong></span> 
     </span>
     <span class='ocr_line' id='line_1_35' title="bbox 273 4020 1328 4142; baseline 0.007 -68"><span class='ocrx_word' id='word_1_256' title='bbox 273 4021 364 4103; x_wconf 72' lang='lat' dir='ltr'><strong><em>ilenry</em></strong></span> <span class='ocrx_word' id='word_1_257' title='bbox 377 4023 399 4074; x_wconf 87' lang='lat' dir='ltr'><strong><em>is</em></strong></span> <span class='ocrx_word' id='word_1_258' title='bbox 411 4020 519 4142; x_wconf 65' lang='lat' dir='ltr'><strong><em>puoted,</em></strong></span> <span class='ocrx_word' id='word_1_259' title='bbox 532 4020 595 4073; x_wconf 87' lang='lat' dir='ltr'><strong><em>with</em></strong></span> <span class='ocrx_word' id='word_1_260' title='bbox 611 4037 684 4102; x_wconf 78' lang='lat' dir='ltr'><strong><em>some</em></strong></span> <span class='ocrx_word' id='word_1_261' title='bbox 697 4021 775 4074; x_wconf 90' lang='lat' dir='ltr'><strong><em>omis·</em></strong></span> <span class='ocrx_word' id='word_1_262' title='bbox 828 4023 892 4075; x_wconf 88' lang='lat' dir='ltr'><strong><em>tisse</em></strong></span> <span class='ocrx_word' id='word_1_263' title='bbox 912 4025 1048 4107; x_wconf 76' lang='lat' dir='ltr'><strong><em>noveritis,¹</em></strong></span> <span class='ocrx_word' id='word_1_264' title='bbox 1065 4027 1116 4080; x_wconf 92' lang='lat' dir='ltr'><strong><em>nisi</em></strong></span> <span class='ocrx_word' id='word_1_265' title='bbox 1137 4027 1197 4098; x_wconf 86' lang='lat' dir='ltr'><strong><em>quia</em></strong></span> <span class='ocrx_word' id='word_1_266' title='bbox 1218 4028 1328 4081; x_wconf 88' lang='lat' dir='ltr'><strong><em>colorem</em></strong></span> 
     </span>
     <span class='ocr_line' id='line_1_36' title="bbox 272 4090 1329 4170; baseline 0.007 -26"><span class='ocrx_word' id='word_1_267' title='bbox 272 4109 350 4158; x_wconf 82' lang='lat' dir='ltr'><strong><em>sione,</em></strong></span> <span class='ocrx_word' id='word_1_268' title='bbox 363 4091 399 4162; x_wconf 87' lang='lat' dir='ltr'><strong><em>by</em></strong></span> <span class='ocrx_word' id='word_1_269' title='bbox 429 4090 481 4142; x_wconf 93' lang='lat' dir='ltr'><strong><em>ohn</em></strong></span> <span class='ocrx_word' id='word_1_270' title='bbox 499 4090 573 4157; x_wconf 90' lang='lat' dir='ltr'><strong><em>Ross‚</em></strong></span> <span class='ocrx_word' id='word_1_271' title='bbox 588 4090 659 4144; x_wconf 82' lang='lat' dir='ltr'><strong><em>Hist.</em></strong></span> <span class='ocrx_word' id='word_1_272' title='bbox 673 4090 737 4160; x_wconf 84' lang='lat' dir='ltr'><strong><em>Reg.</em></strong></span> <span class='ocrx_word' id='word_1_273' title='bbox 750 4108 777 4161; x_wconf 81' lang='lat' dir='ltr'><strong><em>p.</em></strong></span> <span class='ocrx_word' id='word_1_274' title='bbox 828 4091 897 4144; x_wconf 91' lang='lat' dir='ltr'><strong><em>hunc</em></strong></span> <span class='ocrx_word' id='word_1_275' title='bbox 911 4095 1063 4148; x_wconf 83' lang='lat' dir='ltr'><strong><em>venerabrhs</em></strong></span> <span class='ocrx_word' id='word_1_276' title='bbox 1075 4105 1194 4149; x_wconf 89' lang='lat' dir='ltr'><strong><em>senectus</em></strong></span> <span class='ocrx_word' id='word_1_277' title='bbox 1204 4107 1230 4150; x_wconf 88' lang='lat' dir='ltr'><strong><em>et</em></strong></span> <span class='ocrx_word' id='word_1_278' title='bbox 1242 4116 1329 4170; x_wconf 90' lang='lat' dir='ltr'><strong><em>super·</em></strong></span> 
     </span>
    </p>
   </div>
   <div class='ocr_carea' id='block_1_4' title="bbox 274 4162 1329 4295">
    <p class='ocr_par' dir='ltr' id='par_1_5' title="bbox 274 4162 1329 4295">
     <span class='ocr_line' id='line_1_37' title="bbox 274 4162 1329 4237; baseline 0.013 -30"><span class='ocrx_word' id='word_1_279' title='bbox 274 4164 334 4214; x_wconf 82' lang='lat'>143.</span> <span class='ocrx_word' id='word_1_280' title='bbox 829 4162 934 4215; x_wconf 88' lang='lat' dir='ltr'><strong><em>veniens</em></strong></span> <span class='ocrx_word' id='word_1_281' title='bbox 954 4164 1062 4218; x_wconf 76' lang='lat' dir='ltr'><strong><em>canities</em></strong></span> <span class='ocrx_word' id='word_1_282' title='bbox 1083 4166 1274 4237; x_wconf 82' lang='lat' dir='ltr'><strong><em>aliquantulum</em></strong></span> <span class='ocrx_word' id='word_1_283' title='bbox 1292 4168 1329 4221; x_wconf 90' lang='lat' dir='ltr'><strong><em>al·</em></strong></span> 
     </span>
     <span class='ocr_line' id='line_1_38' title="bbox 308 4228 1009 4295; baseline 0.009 -14"><span class='ocrx_word' id='word_1_284' title='bbox 308 4229 412 4282; x_wconf 71' lang='lat' dir='ltr'><strong><em>²Peter</em></strong></span> <span class='ocrx_word' id='word_1_285' title='bbox 445 4229 475 4281; x_wconf 86' lang='lat' dir='ltr'><strong><em>of</em></strong></span> <span class='ocrx_word' id='word_1_286' title='bbox 507 4228 590 4295; x_wconf 88' lang='lat' dir='ltr'><strong><em>Blois,</em></strong></span> <span class='ocrx_word' id='word_1_287' title='bbox 614 4228 672 4282; x_wconf 89' lang='lat' dir='ltr'><strong><em>who</em></strong></span> <span class='ocrx_word' id='word_1_288' title='bbox 696 4237 776 4282; x_wconf 84' lang='lat' dir='ltr'><strong><em>wrote</em></strong></span> <span class='ocrx_word' id='word_1_289' title='bbox 829 4232 950 4286; x_wconf 87' lang='lat' dir='ltr'><strong><em>teravit.”</em></strong></span> <span class='ocrx_word' id='word_1_290' title='bbox 970 4233 1009 4288; x_wconf 93' lang='lat' dir='ltr'><strong><em>lb.</em></strong></span> 
     </span>
    </p>
   </div>
   <div class='ocr_carea' id='block_1_5' title="bbox 271 4297 776 4369">
    <p class='ocr_par' dir='ltr' id='par_1_6' title="bbox 271 4297 776 4369">
     <span class='ocr_line' id='line_1_39' title="bbox 271 4297 776 4369; baseline -0.002 -17"><span class='ocrx_word' id='word_1_291' title='bbox 271 4299 350 4352; x_wconf 89' lang='lat' dir='ltr'><strong><em>about</em></strong></span> <span class='ocrx_word' id='word_1_292' title='bbox 369 4299 445 4364; x_wconf 88' lang='lat'>1177,</span> <span class='ocrx_word' id='word_1_293' title='bbox 458 4297 522 4350; x_wconf 87' lang='lat' dir='ltr'><strong><em>adds</em></strong></span> <span class='ocrx_word' id='word_1_294' title='bbox 543 4307 570 4350; x_wconf 90' lang='lat' dir='ltr'><strong><em>to</em></strong></span> <span class='ocrx_word' id='word_1_295' title='bbox 589 4298 641 4351; x_wconf 85' lang='lat' dir='ltr'><strong><em>this</em></strong></span> <span class='ocrx_word' id='word_1_296' title='bbox 664 4298 776 4369; x_wconf 84' lang='lat' dir='ltr'><strong><em>descrip-</em></strong></span> 
     </span>
    </p>
   </div>
   <div class='ocr_carea' id='block_1_6' title="bbox 0 0 1526 5016">
    <p class='ocr_par' dir='ltr' id='par_1_7' title="bbox 0 0 1526 5016">
     <span class='ocr_line' id='line_1_40' title="bbox 0 0 1526 5016; baseline 0 0"><span class='ocrx_word' id='word_1_297' title='bbox 0 0 1526 5016; x_wconf 95' lang='lat' dir='ltr'><strong><em> </em></strong></span> 
     </span>
    </p>
   </div>
  </div>
 </body>
</html>
