3000 5016
263 437 331 511 '100
582 460 762 512 ornianus
787 461 1011 513 canonensis
1074 477 1078 480 ·

713 710 794 776 Cer.
809 711 872 776 VI.

268 863 320 924 De
343 864 555 924 astronomicis
571 884 610 925 eac
624 863 684 926 boc
706 863 880 925 turbatione
896 871 985 927 tanta
1002 864 1139 948 deceptis
1149 852 1185 927 ¹et
1206 864 1324 927 litteris

420 963 601 1047 quibusdam
616 963 830 1026 consolatoriis
845 987 865 1028 a
881 965 1012 1048 quodam
1027 965 1179 1029 directis.¹

138 1139 191 1167 eas
227 1140 254 1188 .⁰·
311 1116 416 1180 Hauc
433 1126 540 1182 autem
556 1114 830 1199 perturbationem
844 1125 966 1177 tantam
989 1123 1023 1176 et
1045 1114 1156 1177 mundi
1181 1137 1321 1178 commo-

99 1233 175 1268 t¹⁰n⁸⁰
189 1191 254 1268 Ὗ
269 1217 389 1281 tionem
417 1217 599 1301 philosophi
634 1216 736 1279 nostri
764 1215 916 1300 temporis
949 1225 982 1278 et
1021 1216 1224 1278 astronomici
1253 1227 1320 1283 tam
1358 1226 1362 1233 '

269 1319 440 1384 Toletani²
456 1319 601 1382 similiter
614 1340 745 1402 quoque
759 1330 791 1381 et
807 1317 935 1401 Apuli,³
949 1338 1009 1379 nec
1024 1339 1090 1379 non
1105 1327 1138 1380 et
1147 1317 1200 1379 alii
1212 1318 1318 1397 multi,

265 1444 324 1506 per
352 1443 473 1485 annum
501 1430 575 1484 ante
597 1420 648 1484 vel
670 1419 807 1503 amplius
830 1441 872 1481 ex
894 1418 1095 1504 planetarum
1118 1409 1262 1482 cursibus
1286 1431 1320 1487 et

265 1523 406 1586 motibus
423 1533 491 1586 arte
511 1521 632 1606 magica
651 1521 861 1605 providerunt
883 1530 915 1583 et
936 1519 1170 1604 praedixerunt.
1217 1520 1319 1586 Porro

263 1624 298 1688 in
316 1625 376 1689 hoc
399 1623 524 1707 decepti
541 1621 753 1686 communiter
777 1643 885 1684 omnes
909 1619 1096 1696 extiterant,
1118 1621 1205 1704 quod
1220 1632 1320 1685 terre·

263 1746 379 1789 norum
393 1724 579 1798 motionem,
594 1732 689 1785 terrae
711 1730 836 1784 motum
855 1721 896 1784 ad
919 1720 1060 1783 litteram
1082 1719 1228 1784 futurum
1250 1746 1318 1787 esse

263 1824 440 1909 putabant3
465 1833 690 1887 contentorum
705 1832 857 1885 eventum
877 1821 912 1884 in
926 1822 1093 1884 continens
1109 1823 1215 1907 ipsum
1237 1823 1318 1891 falso

261 1940 505 2007 convertentes3
530 1929 616 1992 unde
642 1936 675 1990 et
700 1927 830 1990 urbium
851 1927 1026 1991 multarum
1049 1928 1083 1991 in
1109 1929 1317 1999 orientalibus

262 2031 427 2116 praecipue
442 2029 544 2115 plagis
570 2029 808 2114 absorptionem
831 2029 1059 2112 praedicabant.
1105 2030 1268 2096 Quoniam
1282 2032 1317 2095 in

263 2131 408 2216 partibus
434 2132 554 2196 eisdem
578 2131 791 2216 plurimarum
816 2130 946 2194 urbium
969 2140 1003 2194 et
1025 2141 1199 2195 castrorum
1230 2155 1318 2196 ever·

257 2234 366 2296 siones
396 2256 455 2317 per
481 2232 564 2297 hanc
594 2232 839 2296 commotionem
867 2232 990 2296 effectae
1020 2242 1104 2297 sunt.
1151 2233 1244 2297 Sicut
1273 2257 1317 2299 ex

260 2335 377 2398 litteris
406 2336 573 2420 cujusdam
595 2334 778 2419 philosophi
804 2333 905 2396 nostri
935 2333 1087 2417 temporis
1122 2332 1315 2415 quibusdam
1409 2379 1415 2388 ι

258 2437 469 2501 familiaribus
492 2437 568 2514 suis,
585 2435 769 2500 consolandi
792 2434 896 2518 gratia
920 2457 1018 2520 super
1040 2435 1100 2499 hoc
1127 2436 1266 2518 directis,
1282 2448 1315 2502 et

256 2540 310 2606 hic
325 2539 463 2618 insertis,
478 2540 584 2623 palam
598 2539 669 2604 fieri
680 2547 800 2623 potest.

303 2641 464 2705 “Placuit
478 2652 516 2706 ut
538 2640 679 2705 remedia
694 2649 805 2706 contra
814 2629 1027 2723 procellarum
1039 2639 1157 2703 totiens
1168 2641 1313 2724 praemis-

259 2766 365 2808 sarum
380 2753 414 2809 et
427 2743 635 2828 praevisarum
649 2740 883 2826 intemperiem,
899 2751 997 2825 prout
1016 2763 1035 2804 a
1049 2742 1312 2826 prudentioribus

257 2855 376 2910 nostrae
400 2843 605 2928 professionis
625 2843 743 2930 accepi,
767 2842 858 2907 vobis
883 2842 1092 2927 propalarem.
1138 2843 1312 2928 Inprimis

257 2946 368 3029 itaque
382 2945 548 3007 sciendum
564 2953 612 3007 est
627 2955 707 3027 quot
721 2944 803 3007 mala
816 2943 1045 3028 praedicentur,
1058 2954 1091 3008 et
1102 2945 1222 3028 quibus
1232 2957 1312 3013 tem·

256 3046 389 3132 poribus
405 3046 530 3108 evenire
546 3045 780 3111 declarandum.
813 3045 922 3109 Prima
935 3068 1010 3109 vero
1023 3055 1260 3130 tempestatum,
1272 3057 1311 3112 ut

256 3147 359 3223 aiunt,
375 3147 489 3210 ultima
505 3147 556 3210 die
572 3145 716 3230 Augusti
729 3147 905 3231 plurimum
914 3147 1070 3212 violenter
1078 3148 1220 3213 clarebit.
1252 3149 1311 3213 Se-

254 3248 370 3325 cunda,
384 3248 435 3313 die
452 3248 639 3314 Natiuitatis
653 3249 757 3312 beatae
770 3247 898 3326 Mariae,
915 3249 1113 3333 quamplura
1125 3250 1310 3314 morborum

255 3372 373 3435 genera
395 3351 598 3416 comitantur.
654 3350 869 3428 Tertia,xv1.,
889 3350 941 3415 die
964 3351 1175 3435 Septembris,
1198 3353 1309 3416 multis

255 3453 412 3519 malorum
434 3453 606 3536 generibus
636 3453 826 3529 exuberans,
850 3453 975 3516 canitur
1001 3453 1138 3518 evenire.
1184 3453 1310 3524 Quarta

255 3559 311 3619 et⁴
320 3554 444 3633 ultima,
454 3555 590 3639 planetis
600 3555 748 3619 omnibus
756 3555 792 3619 in
800 3554 935 3638 Virgine
945 3556 1225 3633 commorantibus,
1237 3578 1310 3641 par-

254 3658 343 3722 tibus
358 3657 662 3741 septentrionalibus
676 3657 848 3742 plusquam
862 3656 977 3720 ceteris
992 3666 1041 3719 est
1053 3657 1204 3722 timenda.
1244 3657 1310 3721 Sed

254 3765 314 3825 nec
327 3761 409 3836 haec,
425 3784 484 3825 nec
498 3761 673 3845 praemissae
689 3761 774 3837 duae,
786 3770 823 3822 ut
832 3759 939 3837 nescio
951 3759 1009 3842 qui
1024 3783 1130 3824 errore
1141 3771 1261 3824 temere
1272 3784 1308 3824 ac

255 3864 372 3947 passim
387 3862 563 3947 limphante
579 3862 678 3938 ducti,
694 3872 814 3924 secreta
829 3860 987 3924 Minervae
1008 3861 1205 3946 detegentes,
1220 3886 1308 3927 men·
1407 3935 1409 3939 .

255 3966 382 4032 tiuntur
398 3964 524 4028 evenire
539 3963 698 4041 evenient,
714 3984 771 4025 uec
787 3961 906 4025 eisdem
928 3963 1137 4048 temporibus,
1154 3986 1214 4033 nec
1229 3964 1308 4052 adeo

291 4147 297 4174 ¹
317 4146 365 4198 See
375 4145 429 4198 also
443 4144 576 4211 Hoveden,
589 4144 608 4197 f.
621 4147 682 4197 356.
805 4143 980 4213 Hispanenses
1000 4162 1076 4214 quam
1097 4145 1205 4198 Siculi.'’
1252 4146 1306 4199 Ho-

289 4215 299 4244 ²
321 4214 445 4281 Tolerani,
458 4214 515 4268 MS.
528 4214 602 4265 etsie
615 4213 688 4267 infra.
804 4212 861 4266 ved.
874 4216 936 4266 366.

285 4285 299 4316 '³
316 4284 428 4354 Appnlli,
442 4284 499 4336 MS.
525 4287 541 4314 “
549 4282 686 4350 Astrologi,
699 4292 751 4334 tam
840 4283 848 4312 ⁴
870 4282 987 4342 Qualiter
997 4284 1056 4351 nult,
1065 4282 1124 4337 MS.
