3000 5016
277 465 341 528 202
565 478 748 531 erasinus
769 476 995 530 caueamus
1220 457 1336 552 [serr.

277 639 409 707 servata,
441 628 611 694 Scotorum
637 629 750 694 extitit
778 628 895 692 nostris
924 627 1038 691 diebus
1066 636 1170 692 rector
1191 627 1275 691 felix
1300 637 1335 691 et

277 733 467 796 moderator.

321 832 462 896 Proinde
477 843 582 896 totum
597 832 689 917 regni
706 833 756 896 sui
772 833 879 910 decus,
893 831 982 916 quod
995 831 1082 917 apud
1096 829 1333 896 Aunewicense

276 943 425 1010 castrum,
442 933 536 997 simul
558 956 630 997 cum
646 934 772 1019 oppidis
794 933 914 1012 electis,
930 933 1040 997 hostili
1053 932 1204 997 conflictu
1217 945 1333 1018 captus

275 1035 353 1098 olim
373 1035 530 1113 amiserat,
557 1021 665 1100 Scotia
685 1036 817 1119 quidem
837 1058 857 1098 a
876 1046 1020 1120 tempore
1049 1035 1175 1099 Claudii
1194 1035 1333 1101 Caesaris
1395 1043 1397 1048 '

276 1158 379 1220 usque
402 1147 479 1200 tunc
501 1159 601 1221 regno
624 1137 812 1201 Britannico
835 1160 901 1201 non
923 1138 1083 1201 existente
1108 1139 1263 1223 subjecta,
1288 1139 1330 1202 ab

276 1237 459 1322 Anglorum
474 1238 566 1323 Rege
582 1250 658 1303 tunc
676 1248 830 1323 regnante
853 1238 1004 1319 Ricardo,
1021 1239 1129 1302 divina
1144 1240 1242 1304 etiam
1259 1242 1332 1326 jus-

276 1340 350 1403 titia
378 1341 548 1424 utriusque
570 1341 723 1425 principis
755 1363 821 1404 uno
845 1341 987 1405 infacto
1016 1341 1131 1404 merita
1161 1353 1330 1426 pensante,

275 1442 380 1526 pretio
399 1441 547 1526 pecuniae
562 1442 636 1506 dato
651 1453 881 1526 praetereunte,
904 1443 990 1506 felici
1013 1443 1075 1506 sibi
1098 1443 1228 1527 suisque
1243 1467 1331 1508 com-

275 1545 394 1607 mercio
409 1542 574 1628 (quoniam
589 1545 623 1607 in
639 1544 821 1608 Christiano
836 1567 902 1607 non
917 1555 983 1608 tam
998 1545 1129 1609 initium
1144 1568 1242 1630 quam
1255 1545 1331 1608 finis

275 1646 411 1730 spectari
434 1645 539 1729 solet)
566 1668 635 1708 rem
662 1646 933 1731 impretiabilem¹
962 1648 1010 1711 vir
1032 1648 1254 1731 magnanimus
1278 1670 1331 1710 re-

275 1747 465 1833 cuperavit.2
510 1747 611 1810 Porro
627 1748 779 1832 quoniam
801 1747 884 1811 nihil
903 1748 1050 1812 humanis
1071 1750 1106 1812 in
1128 1750 1224 1813 rebus
1239 1749 1329 1812 omni

277 1872 320 1912 ex
341 1859 433 1933 parte
448 1848 629 1932 perfectum
644 1859 759 1913 natura
774 1850 941 1934 expolivit,
954 1850 1100 1934 nihilque
1120 1861 1186 1913 tam
1207 1850 1329 1914 clarum

276 1951 310 2012 in
335 1950 428 2013 terris
456 1950 544 2032 quod
568 1950 676 2032 aliqua
700 1951 816 2014 menda
840 1951 892 2016 vel
920 1975 1013 2016 naevo
1038 1975 1104 2016 non
1130 1952 1328 2036 denigretur,

273 2051 322 2115 vir
337 2059 447 2112 tantus
462 2060 495 2113 et
508 2060 573 2113 tam
586 2051 756 2114 laudabilis
776 2052 810 2114 in
832 2053 944 2117 multis
965 2065 1066 2118 totam
1080 2055 1214 2138 gloriam
1237 2077 1329 2118 suam

274 2152 314 2216 ab
341 2152 475 2216 ineunte
502 2163 599 2216 aetate
624 2153 785 2238 usquein
813 2155 939 2218 senium
963 2156 1055 2240 (proh
1080 2156 1171 2219 dolor
1184 2156 1206 2238 l)
1233 2156 1330 2220 unica

273 2253 399 2317 macula
421 2254 642 2319 decoloravit,
670 2255 733 2319 Per
759 2266 861 2319 totam
891 2258 977 2320 enim
1006 2267 1100 2320 terrae
1130 2280 1197 2321 suae
1226 2258 1328 2321 totius

274 2356 530 2440 amplitudinem,
560 2354 595 2420 in
624 2357 860 2421 cathedralibus
890 2359 1029 2422 eeclesiis
1058 2360 1192 2437 cunctis,
1223 2361 1328 2423 nullas

274 2458 405 2521 omnino
451 2458 514 2520 nisi
548 2461 589 2524 ad
623 2469 742 2522 nutum
775 2459 887 2544 ipsius,
922 2482 1009 2523 more
1045 2460 1221 2543 tyrannico,
1257 2462 1329 2526 fieri

163 2607 166 2610 ψ
272 2559 419 2644 permisit
438 2559 628 2640 electiones,
653 2584 798 2624 enormes
818 2561 948 2645 quidem
975 2561 1202 2626 Normannicae
1218 2573 1328 2647 tyran-

272 2660 357 2724 nidis
388 2683 447 2745 per
478 2661 632 2746 Angliam
668 2662 847 2740 abusiones,
883 2662 979 2725 nimis
1014 2662 1049 2725 in
1081 2662 1142 2727 hoc
1177 2686 1328 2748 expresse

272 2785 420 2847 sequens.

316 2863 457 2927 Proinde
487 2864 594 2928 divina
622 2876 660 2928 ut
689 2863 830 2928 creditur
859 2864 983 2928 ultione
1012 2874 1132 2943 secuta,
1163 2887 1237 2949 quae
1265 2890 1328 2951 pu-

272 2966 341 3028 nire
356 2988 488 3050 quoque
511 2965 729 3051 temporaliter
750 2966 941 3051 plerumque
957 2965 1047 3042 solet,
1063 2966 1217 3029 honorem
1232 2989 1326 3030 suum

272 3078 306 3130 et
334 3068 426 3150 regni
448 3067 510 3142 sui,
541 3091 638 3152 quem
660 3069 824 3152 perditum
845 3078 920 3132 ante
943 3091 962 3131 a
984 3068 1077 3152 Rege
1108 3068 1248 3132 Ricardo
1276 3093 1327 3133 re·

271 3177 487 3252 cuperaverat,
511 3191 569 3252 per
597 3169 704 3232 fratris
733 3170 879 3253 ejusdem
908 3181 941 3234 et
969 3169 1112 3253 proximi
1137 3172 1326 3234 successoris

271 3269 439 3353 impetum,
456 3267 565 3332 Scotia
580 3269 685 3332 denuo
700 3270 842 3348 subacta,
859 3281 892 3334 et
911 3269 1029 3354 Anglis
1044 3271 1078 3333 in
1092 3271 1326 3356 subjectionem

272 3371 355 3447 data,
386 3370 420 3433 in
449 3369 538 3433 senio
562 3371 630 3455 jam
659 3373 855 3434 constitutus
883 3372 1007 3450 amisit3
1031 3383 1066 3437 et
1089 3374 1209 3457 jugum
1237 3375 1326 3457 quod

273 3481 470 3549 excusserat,
486 3472 605 3535 iterum
620 3495 693 3536 cum
707 3472 841 3557 pudore,
857 3473 1011 3538 dedecore
1033 3474 1153 3558 pariter
1168 3484 1202 3538 et
1216 3474 1325 3538 dolore

270 3573 470 3659 resumpsit.³

273 3741 276 3747 ,
315 3725 409 3743 .....
426 3676 526 3741 Absit
549 3677 650 3762 igitur
664 3700 705 3741 ne
727 3688 881 3756 vertatur,
898 3688 931 3742 et
949 3679 1035 3743 inter
1053 3679 1215 3764 principes
1235 3704 1324 3764 egre-

263 3780 339 3864 gios
364 3779 486 3842 meritis
510 3779 668 3842 virtutum
693 3780 870 3864 plurimum
889 3780 1169 3858 commendandum
1191 3793 1325 3866 propter

269 3882 427 3946 maculam
441 3903 548 3957 unam,
564 3881 615 3945 vel
629 3904 715 3945 nunc
731 3905 800 3946 sero
816 3882 998 3946 diluendam
1018 3893 1051 3945 et
1072 3883 1250 3961 delendam,
1266 3895 1324 3949 aut

306 4079 314 4110 ¹
333 4079 411 4130 “Hic
431 4077 567 4131 asteriscus
587 4096 602 4130 a
619 4095 698 4132 manu
720 4079 769 4132 Le·
855 4080 866 4114 ⁸
885 4079 927 4132 He
940 4079 984 4132 did
996 4079 1106 4150 homage
1121 4089 1147 4132 to
1167 4080 1238 4150 King
1252 4081 1323 4134 John

268 4147 338 4200 landi
351 4148 367 4173 ''
404 4147 514 4212 Hearne,
527 4148 563 4199 ib.
820 4149 846 4201 in
861 4153 936 4215 1199,
950 4149 1001 4201 and
1012 4167 1076 4219 gave
1095 4149 1136 4201 his
1155 4159 1205 4202 two
1224 4150 1322 4220 daugh-

304 4216 411 4285 'etp
425 4221 466 4271 13.
503 4217 551 4270 See
564 4217 617 4270 also
632 4218 727 4271 Trivct.
741 4219 767 4271 in
819 4219 1185 4288 tersashostagesiu1209.
1223 4220 1321 4272 Trivet.

268 4303 310 4339 au.
324 4288 401 4339 1189.
706 4314 707 4317 ¹
818 4288 844 4340 in
857 4305 916 4342 ann.
