3000 5040
276 456 339 521 186
571 470 751 522 ominus
775 470 1001 522 osunnnnsrs
1217 455 1329 548 [Aret

276 636 428 707 tanquam
453 621 565 686 multis
593 621 770 686 minoribus
800 620 925 684 delictis
952 619 1193 704 aequipollente,
1218 624 1329 687 statim

275 748 340 790 uno
357 724 493 810 punitur
512 723 755 808 peremptorio),
775 722 881 808 primo
894 744 952 807 per
971 723 1085 786 urbem
1100 745 1175 788 reus
1189 725 1224 787 in
1245 727 1328 810 pub·

274 827 336 891 lico
372 836 546 911 conspectu
573 825 782 910 instigatione
820 824 1031 889 confunditur
1069 834 1103 889 et
1136 825 1326 910 flagellatur.

274 929 402 994 Deinde
414 929 441 992 si
454 929 538 992 forte
548 928 709 1004 reciderit,
723 939 780 992 aut
787 927 893 991 fronte
907 938 941 991 et
951 927 1032 991 facie
1048 928 1256 1008 cauteriatur,
1272 940 1330 994 aut

273 1031 426 1094 auriculae
455 1030 605 1094 inferiore
634 1029 736 1114 pulpa
763 1029 943 1092 mutilatur.
994 1028 1108 1093 Tertio
1137 1051 1224 1109 vero,
1253 1052 1328 1094 cum

274 1132 447 1196 damnabili
461 1142 537 1196 nota
551 1132 578 1195 si
594 1131 855 1216 deprehenditur,
872 1132 983 1196 durius
1003 1132 1037 1196 in
1052 1132 1158 1217 ipsum
1172 1143 1328 1218 tanquam

273 1234 524 1319 incorrigibilem
539 1243 572 1298 et
585 1233 726 1299 humano
746 1235 848 1300 coetui
873 1257 1003 1320 prorsus
1017 1234 1168 1298 inutilem
1183 1235 1328 1300 animad-

273 1335 427 1414 vertitur3
451 1347 485 1400 et
498 1336 543 1400 sic
558 1335 689 1400 demum
703 1337 795 1421 quasi
809 1337 960 1423 publicus
973 1336 1085 1414 hostis,
1103 1339 1202 1423 juxta
1216 1337 1326 1402 delicti

274 1439 488 1523 quantitatem
525 1438 575 1502 vel
616 1438 816 1516 exoculatur,
854 1437 905 1501 vel
944 1439 1092 1523 patibulo
1130 1438 1327 1504 sublevatur.

274 1539 462 1605 Laudabilis
490 1539 557 1616 lex,
587 1548 621 1602 et
650 1538 746 1623 digna
774 1539 929 1602 memoria
955 1539 1173 1624 dispensatio!
1242 1541 1331 1606 Fieri

274 1665 412 1727 namque
426 1650 535 1726 potest
555 1651 589 1704 et
610 1640 803 1725 plerumque
822 1640 992 1725 contingit,
1016 1652 1056 1706 ut
1073 1643 1194 1705 enormi
1211 1643 1328 1708 delicto

273 1744 314 1808 ab
330 1742 494 1827 aequitatis
515 1741 610 1818 linea,
626 1763 702 1806 casu
717 1741 857 1819 sinistro,
873 1743 973 1806 semel
983 1743 1143 1829 quispiam
1153 1744 1328 1822 exorbitet,

272 1867 439 1930 nunquam
466 1843 621 1907 hactenus
649 1856 807 1920 assuetus,
838 1844 889 1907 vel
919 1844 958 1908 de
992 1855 1111 1909 caetero
1133 1868 1327 1912 reversurus.

274 1947 448 2031 Propterea
467 1944 676 2008 humanitatis
698 1946 842 2029 ejusdem
862 1946 965 2029 gratia
980 1956 1030 2011 tot
1049 1947 1235 2012 exoculatos
1250 1948 1328 2012 alibi

272 2071 337 2113 non
358 2048 506 2112 vidimus.
551 2046 673 2111 Merito
695 2046 849 2111 nimirum
863 2057 966 2112 morte
989 2048 1182 2134 dignissimis
1196 2071 1328 2134 poenam

273 2150 376 2236 pietas
394 2147 565 2232 mitigavit,
585 2157 624 2212 ut
648 2148 781 2213 inutiles
802 2171 934 2234 corpore
956 2150 1045 2229 sacti,
1069 2152 1198 2238 spiritui
1218 2173 1328 2217 vacare

273 2251 426 2330 volentes,
441 2260 533 2336 parte
548 2250 656 2335 vigere
671 2250 798 2315 valeant
811 2251 900 2316 illius
912 2252 1054 2318 meliore.

767 2455 829 2521 IV.

564 2607 610 2691 [S.
629 2609 762 2671 Thomas
781 2597 1068 2692 Cantauricnsis.]'¹

319 2758 460 2822 Burrus
482 2758 721 2823 Cantuariensis
739 2755 1012 2843 Archiepiscopus
1029 2758 1169 2823 Thomas
1182 2781 1279 2844 egens
1293 2759 1328 2822 in

212 2904 222 2931 2
274 2861 384 2939 exilio,
415 2885 487 2926 cum
516 2863 603 2947 apud
633 2861 859 2925 Pontiniacum
885 2883 1007 2925 moram
1036 2861 1167 2940 faceret,
1196 2862 1328 2925 lectioni

272 2965 392 3047 pariter
404 2965 574 3028 intendens
586 2975 619 3028 et
633 2963 781 3040 orationi,
793 2984 867 3025 cum
877 2963 974 3026 moris
984 2963 1118 3027 haberet
1128 2976 1167 3028 ut
1175 2962 1329 3046 fatigatus

273 3088 292 3128 a
306 3067 413 3129 studio
428 3089 486 3150 per
500 3066 642 3150 singulos
657 3065 787 3128 clericos
802 3085 876 3127 suos
891 3064 1017 3148 singula
1030 3065 1100 3129 loca
1119 3065 1219 3130 studii
1234 3087 1328 3129 causa

274 3177 420 3230 tenentes
450 3168 679 3243 deambularet,
709 3187 858 3249 quaerens
887 3188 906 3228 a
931 3166 1066 3250 singulis
1089 3169 1177 3251 quod
1200 3167 1328 3252 elegans

273 3268 395 3330 dictum
424 3278 501 3331 ωηο
529 3267 726 3344 invenisset3
757 3265 888 3328 veniens
917 3268 958 3330 ad
987 3265 1212 3332 Alexandrum
1248 3267 1328 3333 Val-

274 3391 392 3446 ensem,
422 3370 660 3453 Bangorensem
685 3366 982 3445 archidiaconum,2
1006 3370 1063 3454 qui
1088 3371 1123 3433 in
1142 3373 1212 3456 ejus
1236 3371 1327 3433 obse-

274 3472 358 3557 quiis
373 3482 451 3536 ωηο
472 3472 589 3550 fuerat,
612 3469 761 3556 quaesivit
779 3469 813 3532 in
837 3491 902 3554 quo
926 3469 1009 3534 libro
1029 3471 1183 3548 studeret,
1205 3481 1327 3535 etcum

271 3574 327 3638 ille
354 3573 539 3638 Martialem
560 3583 666 3637 totum
688 3582 766 3635 ωηο
790 3570 875 3634 forte
899 3593 968 3656 prae
991 3573 1139 3636 manibus
1167 3583 1201 3636 et
1227 3572 1329 3636 oculis

272 3677 416 3753 haberet,
432 3675 517 3739 dixit
540 3675 661 3740 Beatus
686 3672 837 3748 Thomas,
853 3672 1005 3756 quoniam
1025 3673 1123 3737 talem
1136 3673 1240 3738 virum
1254 3673 1329 3737 talis

272 3777 355 3840 liber
391 3778 542 3854 decebat3
581 3785 650 3840 erat
684 3773 770 3837 enim
797 3772 853 3835 ille
887 3773 936 3836 vir
962 3773 1109 3859 joculans
1143 3785 1177 3838 et
1205 3775 1327 3860 linguae

307 3939 316 3971 ¹
336 3936 367 4060 [ll.
381 3941 422 4005 92,
435 3938 479 4060 hg
828 3933 931 3985 natione
948 3942 975 3985 et
991 3942 1159 4004 cognomento
1181 3933 1329 3986 Gualensis.

308 4007 318 4037 ²
360 4009 401 4061 his
416 4009 462 4060 ist
480 4017 506 4059 at
519 4006 676 4074 Alexander,
690 4004 702 4056 Ι
716 4021 776 4084 sup·
828 4001 942 4056 Edoctus
955 4004 1059 4073 quidem
1078 4004 1105 4056 in
1120 4003 1221 4070 litteris,
1235 4005 1328 4071 jocum

273 4095 343 4148 pose,
357 4078 386 4130 of
395 4077 479 4130 whom
494 4076 644 4129 mentionis
660 4074 774 4127 medem
825 4073 873 4126 dus
893 4073 920 4125 in
942 4072 1052 4140 verbis,’'
1072 4072 1120 4126 &a
1158 4073 1201 4126 He
1213 4090 1265 4126 was
1284 4071 1329 4124 the

274 4146 317 4199 the
331 4148 455 4218 Epistola
473 4147 500 4200 S.
512 4146 627 4212 Thomas,
640 4143 726 4198 edited
738 4143 773 4214 by
823 4143 1225 4214 Archbishop'scroslet-beares.
1253 4141 1329 4196 Will.
1411 4158 1414 4163 ·

273 4217 369 4286 Lupus,
394 4227 421 4269 at
447 4235 473 4287 p.
489 4219 547 4269 161.
597 4213 773 4267 “Alexander
822 4212 945 4284 Stephon.
958 4231 983 4283 p.
997 4212 1223 4286 403ed.Sparke.

271 4286 359 4356 lingua
366 4296 471 4357 paterna
480 4294 584 4339 vocatus
593 4284 693 4351 Cuelin,
704 4284 771 4336 sicut
