3000 5040
275 459 338 518 158
584 467 766 517 alrannus
790 466 1016 518 caueamus

318 619 358 682 In
387 618 523 682 crastino
552 640 637 694 vero,
661 639 735 680 cum
771 627 846 679 ante
882 615 982 680 altare
1009 615 1185 700 principale
1213 637 1330 700 corpus

275 721 452 805 sepulturae
483 720 630 795 traditur,
660 719 717 781 vix
755 717 892 780 annulus
929 717 1040 801 digito,
1070 717 1127 779 vix
1167 733 1329 801 sceptrum

275 845 382 898 manu,
398 821 454 884 vix
476 820 573 904 capiti
596 841 712 882 corona
734 819 818 880 sicut
842 818 961 894 decuit,
979 819 1055 902 quia
1077 819 1116 881 de
1139 819 1330 902 aurifrigio¹

276 924 415 1007 quodam
444 922 544 985 veteri
580 921 710 983 inventa
737 920 812 995 fuit,
842 919 900 982 vix
936 919 1003 982 ulla
1034 942 1163 1004 prorsus
1192 921 1330 1004 insignia

275 1023 394 1104 regalia
412 1023 473 1084 nisi
488 1045 545 1106 per
560 1021 757 1084 emendicata
772 1022 901 1083 demum
923 1021 1082 1105 suffragia,
1098 1045 1200 1105 eaque
1221 1024 1329 1086 minus

275 1125 492 1208 congruentia,
514 1123 709 1207 suppetiere.
754 1123 801 1184 Et
823 1123 974 1206 quoniam
999 1124 1253 1186 infelicissimum
1280 1125 1329 1187 in-

275 1226 410 1288 fortunii
431 1247 533 1308 genus
555 1235 605 1286 est
622 1223 721 1286 fuisse
743 1223 879 1299 felicem,
900 1223 960 1285 hoo
983 1224 1080 1287 etiam
1101 1225 1141 1287 ad
1163 1226 1328 1289 cumulum

275 1327 474 1390 adversitatis
500 1325 641 1402 accessit,
672 1325 761 1407 quod
790 1325 874 1386 inter
902 1325 1067 1389 thesauros
1103 1327 1232 1404 multos,
1262 1338 1328 1390 tam

277 1427 472 1511 Anglicanos
502 1448 599 1510 quam
626 1425 863 1502 transmarinos,
893 1425 987 1509 longe
1016 1438 1093 1490 tunc
1122 1428 1196 1512 plus
1233 1429 1327 1492 solito

275 1531 396 1614 plenos,
428 1550 547 1612 egenus
576 1527 738 1603 occubuit,
769 1526 827 1610 qui
856 1537 890 1590 et
918 1529 1057 1591 turrium
1096 1529 1161 1592 alta
1188 1538 1221 1592 et
1252 1531 1329 1593 sub-

276 1643 494 1694 terraneorum
510 1629 574 1692 ima
596 1652 669 1692 curn
693 1629 799 1712 regnis
822 1629 1024 1713 amplissimis
1043 1631 1273 1708 thesaurizans,
1294 1645 1328 1695 et

276 1732 424 1814 ignorans
446 1729 499 1793 oui
521 1730 724 1813 congregavit
740 1753 787 1807 ea,
799 1729 922 1793 homini
936 1753 1033 1814 quem
1054 1731 1156 1814 magis
1178 1732 1212 1795 in
1234 1733 1329 1796 terris

274 1854 410 1896 exosum
437 1831 587 1906 habebat,
615 1853 693 1893 auro
721 1842 756 1893 et
784 1843 915 1914 argento
944 1833 1072 1911 referta,
1092 1833 1237 1918 reliquit.
1281 1834 1328 1898 Et

274 1935 320 1996 sic
335 1932 426 2016 quasi
440 1931 580 1994 vindicta
595 1931 748 1995 divinitus
764 1933 936 2014 exquisita,
951 1934 1066 1997 malleo
1088 1957 1147 1998 suo
1162 1947 1195 1999 et
1216 1936 1329 1999 mortis

274 2045 405 2096 auctore
434 2031 495 2098 sibi
523 2032 557 2095 in
585 2032 733 2096 universa
761 2034 962 2111 succedente,
985 2034 1070 2098 inter
1098 2037 1182 2120 ipsas
1208 2037 1326 2120 copias,

274 2145 427 2218 tanquam
450 2133 605 2198 Tantalus
627 2134 718 2211 alter,
734 2134 884 2218 egestatis
907 2135 1109 2200 incommoda
1129 2159 1195 2200 non
1216 2138 1326 2203 evasit.

275 2235 366 2300 Inter
391 2258 500 2299 omnes
526 2236 648 2320 quippe
673 2236 814 2299 miserias
842 2236 925 2299 nihil
952 2237 1099 2301 miserius
1124 2261 1192 2303 esse
1220 2249 1328 2324 potest

274 2360 372 2421 quarn
395 2337 429 2399 in
452 2335 617 2399 affluentia
637 2337 766 2421 inopem
782 2359 860 2413 esse,
876 2348 910 2401 et
930 2337 1000 2422 ipsa
1023 2339 1154 2423 quidem
1176 2341 1328 2424 egestatis

274 2437 403 2501 malain
418 2438 565 2501 ubertate
580 2436 718 2501 sentire:
743 2438 828 2500 unde
842 2449 939 2522 poeta
952 2465 1006 2517 3—

771 2589 788 2618 “
797 2587 898 2639 Ultima
910 2604 1011 2658 semper

474 2670 644 2740 Expectando
656 2670 711 2723 dies
722 2671 843 2738 hominis,
857 2671 960 2742 dicique
972 2672 1062 2727 heatus

475 2758 545 2810 Ante
557 2757 657 2810 obitum
669 2775 746 2810 nemo
758 2775 928 2829 supremaque
939 2759 1029 2812 funera
1041 2759 1147 2829 debet,”
1158 2762 1208 2816 &a

319 2926 392 2990 Hoc
406 2937 440 2990 et
452 2927 538 2989 inter
549 2937 654 2989 cetera
667 2926 844 2988 notandum
854 2925 981 2990 videtur
995 2929 1084 3012 quod
1096 2930 1153 2994 ubi
1166 2929 1327 3015 Reginam

275 3028 461 3091 Alienoram
485 3028 545 3090 sub
571 3026 686 3089 habitu
710 3026 840 3090 moniali
868 3026 1032 3093 includere
1058 3042 1148 3095 tanto
1170 3033 1327 3099 desiderio

275 3130 437 3214 tantisque
474 3127 597 3191 nisibus
626 3127 840 3204 affectaverat,
876 3129 922 3193 ibi
951 3130 1019 3194 vice
1046 3154 1136 3196 versa
1172 3145 1207 3197 et
1235 3136 1328 3219 quasi

276 3229 399 3293 ultione
426 3229 578 3292 divinitus
601 3229 684 3304 data,
708 3229 743 3290 in
771 3229 841 3292 loco
864 3229 999 3294 obscuro
1022 3242 1186 3316 tantaeque
1213 3238 1328 3320 majes-

275 3331 335 3394 tati
349 3330 443 3414 longe
458 3329 614 3407 indebito,
628 3351 665 3392 ea
679 3329 736 3392 diu
751 3339 863 3414 postea
876 3332 1047 3415 superstite
1066 3347 1226 3413 manente,
1242 3347 1328 3400 terra

275 3432 470 3495 claudendus
492 3442 638 3494 extrema
660 3431 807 3512 concludi
829 3431 948 3496 meruit
973 3445 1007 3497 et
1035 3437 1189 3500 consumi.
1234 3438 1328 3503 Sicut

274 3545 385 3617 aperte
399 3533 478 3598 visio
492 3533 646 3617 praedicta
657 3533 845 3596 declaravitr
882 3533 1125 3618 Uaualticfinia.
1169 3537 1216 3602 Et
1228 3540 1327 3622 paulo

274 3647 370 3718 post:
415 3634 577 3698 Velabt'tar
610 3656 678 3696 cam
715 3634 836 3697 velatis.
896 3633 989 3698 Circa
1018 3636 1180 3702 dimidiam
1217 3651 1327 3705 autem

312 3797 319 3825 ¹
338 3796 460 3866 Properly
478 3795 662 3916 auriphrygi03
689 3813 705 3847 a
722 3806 776 3847 tur·
827 3814 860 3848 on
877 3796 928 3849 this
941 3800 1059 3852 occasion
1071 3800 1134 3872 they
1144 3803 1221 3856 made
1238 3821 1285 3856 use
1301 3805 1332 3857 of

276 3866 326 3918 bau
345 3884 372 3918 or
398 3867 484 3930 mitre,
503 3865 633 3934 generaly
651 3866 681 3916 of
698 3865 776 3918 white
827 3884 843 3917 a
859 3867 982 3919 woman's
1000 3868 1159 3926 head-dress.
1202 3873 1327 3941 “Funus,

275 3936 334 4003 silk,
347 3934 531 3988 embroidered.
567 3936 592 3987 A
604 3935 708 3986 learned
717 3944 777 3987 note
826 3935 893 3988 sicut
907 3937 994 3990 vivens
1009 3938 1178 4009 ordinaverat,
1190 3941 1224 3994 ad
1241 3960 1328 3997 coeno-

275 4015 309 4056 on
321 4004 373 4056 this
390 4004 499 4072 subject,
512 4003 575 4056 with
592 4021 608 4055 a
626 4003 739 4072 drawing
751 4004 781 4056 of
826 4004 898 4056 bium
912 4005 1129 4062 Fontis-Erraudi
1147 4010 1261 4064 delatum
1277 4023 1326 4077 est,

275 4074 319 4125 the
331 4073 434 4126 ancient
443 4074 508 4125 form
519 4074 548 4126 of
557 4072 608 4125 this
617 4072 775 4140 head-dress,
826 4073 870 4126 ubi
881 4075 937 4127 sine
949 4077 1018 4145 regio
1027 4077 1125 4132 honore
1131 4090 1170 4133 est
1182 4081 1327 4150 humatum,

274 4143 327 4194 will
347 4142 380 4194 be
401 4142 481 4194 found
504 4144 530 4194 in
556 4142 661 4194 Macri's
683 4141 775 4194 Hiero-
826 4143 894 4196 facto
913 4144 962 4196 sibi
984 4146 1128 4201 diademate
1152 4149 1184 4203 de
1203 4151 1327 4204 aurifrixo

272 4211 384 4280 lexicon,
397 4211 612 4264 undertheword
625 4211 713 4264 Mitra.
750 4211 775 4263 lt
825 4212 991 4268 mulierum.’‘
1029 4216 1148 4274 Chronio.
1163 4219 1326 4275 Laudunens.

273 4298 379 4351 appears
391 4281 425 4350 by
432 4279 539 4334 another
549 4280 707 4350 Chronicler‚
719 4280 774 4333 that
825 4281 873 4334 sub
886 4299 927 4337 au.
942 4285 1018 4338 1187.
