<?xml version="1.0" encoding="UTF-8"?>
<!DOCTYPE html PUBLIC "-//W3C//DTD XHTML 1.0 Transitional//EN"
    "http://www.w3.org/TR/xhtml1/DTD/xhtml1-transitional.dtd">
<html xmlns="http://www.w3.org/1999/xhtml" xml:lang="en" lang="en">
 <head>
  <title>
</title>
<meta http-equiv="Content-Type" content="text/html;charset=utf-8" />
  <meta name='ocr-system' content='tesseract 3.04.00' />
  <meta name='ocr-capabilities' content='ocr_page ocr_carea ocr_par ocr_line ocrx_word'/>
</head>
<body>
  <div class='ocr_page' id='page_1' title='image "./giralduscambren00giragoog_0069.png"; bbox 0 0 3000 5016; ppageno 0'>
   <div class='ocr_carea' id='block_1_1' title="bbox 274 483 1022 550">
    <p class='ocr_par' dir='ltr' id='par_1_1' title="bbox 274 483 1022 550">
     <span class='ocr_line' id='line_1_1' title="bbox 274 483 1022 550; baseline 0.007 -5"><span class='ocrx_word' id='word_1_1' title='bbox 274 483 318 545; x_wconf 75' lang='lat'>28</span> <span class='ocrx_word' id='word_1_2' title='bbox 586 498 769 550; x_wconf 82' lang='lat' dir='ltr'>GIRALDUS</span> <span class='ocrx_word' id='word_1_3' title='bbox 796 499 1022 550; x_wconf 74' lang='lat' dir='ltr'>ennnnunus</span> 
     </span>
    </p>
   </div>
   <div class='ocr_carea' id='block_1_2' title="bbox 188 645 1443 4292">
    <p class='ocr_par' dir='ltr' id='par_1_2' title="bbox 271 645 1329 835">
     <span class='ocr_line' id='line_1_2' title="bbox 272 645 1327 730; baseline 0.004 -21"><span class='ocrx_word' id='word_1_4' title='bbox 272 668 335 730; x_wconf 89' lang='lat' dir='ltr'>que</span> <span class='ocrx_word' id='word_1_5' title='bbox 350 667 480 730; x_wconf 88' lang='lat' dir='ltr'>prorsus</span> <span class='ocrx_word' id='word_1_6' title='bbox 498 645 614 710; x_wconf 90' lang='lat' dir='ltr'>inutile</span> <span class='ocrx_word' id='word_1_7' title='bbox 630 647 726 725; x_wconf 82' lang='lat' dir='ltr'>fecit3</span> <span class='ocrx_word' id='word_1_8' title='bbox 746 647 809 710; x_wconf 90' lang='lat' dir='ltr'>nisi</span> <span class='ocrx_word' id='word_1_9' title='bbox 832 646 916 710; x_wconf 86' lang='lat' dir='ltr'>forte</span> <span class='ocrx_word' id='word_1_10' title='bbox 938 647 1070 710; x_wconf 91' lang='lat' dir='ltr'>domum</span> <span class='ocrx_word' id='word_1_11' title='bbox 1085 648 1327 713; x_wconf 78' lang='lat' dir='ltr'>conventualem</span> 
     </span>
     <span class='ocr_line' id='line_1_3' title="bbox 271 747 1329 835; baseline 0.003 -24"><span class='ocrx_word' id='word_1_12' title='bbox 271 757 399 811; x_wconf 84' lang='lat' dir='ltr'>tantum</span> <span class='ocrx_word' id='word_1_13' title='bbox 414 748 534 812; x_wconf 81' lang='lat' dir='ltr'>ordinis</span> <span class='ocrx_word' id='word_1_14' title='bbox 551 747 763 812; x_wconf 81' lang='lat' dir='ltr'>Certusiensis</span> <span class='ocrx_word' id='word_1_15' title='bbox 786 749 826 811; x_wconf 93' lang='lat' dir='ltr'>de</span> <span class='ocrx_word' id='word_1_16' title='bbox 837 747 995 827; x_wconf 78' lang='lat' dir='ltr'>witham,</span> <span class='ocrx_word' id='word_1_17' title='bbox 1008 771 1033 812; x_wconf 93' lang='lat' dir='ltr'>s.</span> <span class='ocrx_word' id='word_1_18' title='bbox 1045 748 1178 812; x_wconf 88' lang='lat' dir='ltr'>modicis</span> <span class='ocrx_word' id='word_1_19' title='bbox 1193 751 1329 835; x_wconf 90' lang='lat' dir='ltr'>sumpti-</span> 
     </span>
    </p>

    <p class='ocr_par' dir='ltr' id='par_1_3' title="bbox 188 843 1331 1131">
     <span class='ocr_line' id='line_1_4' title="bbox 188 843 1328 943; baseline 0.003 -30"><span class='ocrx_word' id='word_1_20' title='bbox 188 843 239 943; x_wconf 61' lang='lat' dir='ltr'><em>s</em></span> <span class='ocrx_word' id='word_1_21' title='bbox 270 849 332 913; x_wconf 92' lang='lat' dir='ltr'>bus</span> <span class='ocrx_word' id='word_1_22' title='bbox 358 860 392 913; x_wconf 93' lang='lat' dir='ltr'>et</span> <span class='ocrx_word' id='word_1_23' title='bbox 416 849 547 926; x_wconf 87' lang='lat' dir='ltr'>exilem,</span> <span class='ocrx_word' id='word_1_24' title='bbox 571 850 612 913; x_wconf 91' lang='lat' dir='ltr'>ad</span> <span class='ocrx_word' id='word_1_25' title='bbox 636 849 697 913; x_wconf 94' lang='lat' dir='ltr'>hoc</span> <span class='ocrx_word' id='word_1_26' title='bbox 722 849 836 914; x_wconf 88' lang='lat' dir='ltr'>fecisse</span> <span class='ocrx_word' id='word_1_27' title='bbox 863 849 1006 927; x_wconf 82' lang='lat' dir='ltr'>dicatu13</span> <span class='ocrx_word' id='word_1_28' title='bbox 1030 850 1207 934; x_wconf 85' lang='lat' dir='ltr'><strong>simplicem</strong></span> <span class='ocrx_word' id='word_1_29' title='bbox 1229 862 1328 936; x_wconf 90' lang='lat' dir='ltr'>atque</span> 
     </span>
     <span class='ocr_line' id='line_1_5' title="bbox 270 950 1331 1040; baseline 0.003 -26"><span class='ocrx_word' id='word_1_30' title='bbox 270 950 443 1035; x_wconf 85' lang='lat' dir='ltr'>benignam</span> <span class='ocrx_word' id='word_1_31' title='bbox 458 951 524 1015; x_wconf 93' lang='lat' dir='ltr'>Dei</span> <span class='ocrx_word' id='word_1_32' title='bbox 537 951 727 1036; x_wconf 90' lang='lat' dir='ltr'>patientiam</span> <span class='ocrx_word' id='word_1_33' title='bbox 740 950 887 1015; x_wconf 86' lang='lat' dir='ltr'>humanis</span> <span class='ocrx_word' id='word_1_34' title='bbox 909 952 944 1014; x_wconf 91' lang='lat' dir='ltr'>in</span> <span class='ocrx_word' id='word_1_35' title='bbox 959 952 1045 1016; x_wconf 91' lang='lat' dir='ltr'>hunc</span> <span class='ocrx_word' id='word_1_36' title='bbox 1060 953 1192 1016; x_wconf 90' lang='lat' dir='ltr'>modum</span> <span class='ocrx_word' id='word_1_37' title='bbox 1207 954 1331 1040; x_wconf 90' lang='lat' dir='ltr'>sophis·</span> 
     </span>
     <span class='ocr_line' id='line_1_6' title="bbox 272 1053 990 1131; baseline 0.004 -15"><span class='ocrx_word' id='word_1_38' title='bbox 272 1053 335 1117; x_wconf 91' lang='lat' dir='ltr'>tice</span> <span class='ocrx_word' id='word_1_39' title='bbox 348 1053 509 1131; x_wconf 78' lang='lat' dir='ltr'>versutiis,</span> <span class='ocrx_word' id='word_1_40' title='bbox 532 1053 760 1117; x_wconf 88' lang='lat' dir='ltr'>circumvenire</span> <span class='ocrx_word' id='word_1_41' title='bbox 782 1055 990 1119; x_wconf 85' lang='lat' dir='ltr'>contendens.</span> 
     </span>
    </p>

    <p class='ocr_par' dir='ltr' id='par_1_4' title="bbox 263 1153 1443 1849">
     <span class='ocr_line' id='line_1_7' title="bbox 318 1153 1330 1239; baseline 0.001 -21"><span class='ocrx_word' id='word_1_42' title='bbox 318 1155 382 1218; x_wconf 85' lang='lat' dir='ltr'>Sed</span> <span class='ocrx_word' id='word_1_43' title='bbox 398 1155 477 1239; x_wconf 93' lang='lat' dir='ltr'>quid</span> <span class='ocrx_word' id='word_1_44' title='bbox 491 1154 608 1218; x_wconf 83' lang='lat' dir='ltr'>attinet</span> <span class='ocrx_word' id='word_1_45' title='bbox 622 1153 762 1217; x_wconf 86' lang='lat' dir='ltr'>humana</span> <span class='ocrx_word' id='word_1_46' title='bbox 776 1153 918 1218; x_wconf 90' lang='lat' dir='ltr'>versutia</span> <span class='ocrx_word' id='word_1_47' title='bbox 929 1164 1040 1218; x_wconf 87' lang='lat' dir='ltr'>contra</span> <span class='ocrx_word' id='word_1_48' title='bbox 1053 1153 1161 1220; x_wconf 89' lang='lat' dir='ltr'>divina</span> <span class='ocrx_word' id='word_1_49' title='bbox 1171 1154 1305 1220; x_wconf 88' lang='lat' dir='ltr'>consilia</span> <span class='ocrx_word' id='word_1_50' title='bbox 1317 1157 1330 1219; x_wconf 73' lang='lat' dir='ltr'>l</span> 
     </span>
     <span class='ocr_line' id='line_1_8' title="bbox 272 1256 1327 1341; baseline 0.002 -23"><span class='ocrx_word' id='word_1_51' title='bbox 272 1256 346 1320; x_wconf 91' lang='lat' dir='ltr'>Non</span> <span class='ocrx_word' id='word_1_52' title='bbox 357 1266 402 1320; x_wconf 90' lang='lat' dir='ltr'>est</span> <span class='ocrx_word' id='word_1_53' title='bbox 411 1258 580 1341; x_wconf 90' lang='lat' dir='ltr'>sapientia,</span> <span class='ocrx_word' id='word_1_54' title='bbox 591 1278 650 1319; x_wconf 91' lang='lat' dir='ltr'>non</span> <span class='ocrx_word' id='word_1_55' title='bbox 660 1263 705 1319; x_wconf 91' lang='lat' dir='ltr'>est</span> <span class='ocrx_word' id='word_1_56' title='bbox 709 1257 895 1340; x_wconf 87' lang='lat' dir='ltr'>prudentia,</span> <span class='ocrx_word' id='word_1_57' title='bbox 905 1278 965 1320; x_wconf 89' lang='lat' dir='ltr'>non</span> <span class='ocrx_word' id='word_1_58' title='bbox 975 1265 1020 1319; x_wconf 89' lang='lat' dir='ltr'>est</span> <span class='ocrx_word' id='word_1_59' title='bbox 1037 1257 1327 1334; x_wconf 67' lang='lat' dir='ltr'>consiliunaduer-</span> 
     </span>
     <span class='ocr_line' id='line_1_9' title="bbox 270 1357 1443 1442; baseline -0.003 -21"><span class='ocrx_word' id='word_1_60' title='bbox 270 1380 323 1421; x_wconf 86' lang='lat' dir='ltr'>sus</span> <span class='ocrx_word' id='word_1_61' title='bbox 332 1360 506 1422; x_wconf 83' lang='lat' dir='ltr'>Dominum.</span> <span class='ocrx_word' id='word_1_62' title='bbox 551 1357 716 1442; x_wconf 72' lang='lat' dir='ltr'>Sapientes</span> <span class='ocrx_word' id='word_1_63' title='bbox 736 1365 838 1420; x_wconf 85' lang='lat' dir='ltr'>autent</span> <span class='ocrx_word' id='word_1_64' title='bbox 854 1367 927 1420; x_wconf 89' lang='lat' dir='ltr'>sunt</span> <span class='ocrx_word' id='word_1_65' title='bbox 945 1359 1117 1439; x_wconf 87' lang='lat' dir='ltr'>utsaeiant</span> <span class='ocrx_word' id='word_1_66' title='bbox 1137 1359 1232 1435; x_wconf 84' lang='lat' dir='ltr'>mala,</span> <span class='ocrx_word' id='word_1_67' title='bbox 1250 1360 1329 1422; x_wconf 87' lang='lat' dir='ltr'>bona</span> <span class='ocrx_word' id='word_1_68' title='bbox 1440 1414 1443 1423; x_wconf 64' lang='grc'>,,</span> 
     </span>
     <span class='ocr_line' id='line_1_10' title="bbox 270 1458 1329 1543; baseline 0.001 -20"><span class='ocrx_word' id='word_1_69' title='bbox 270 1462 457 1543; x_wconf 87' lang='lat' dir='ltr'>uerofacere</span> <span class='ocrx_word' id='word_1_70' title='bbox 468 1462 628 1524; x_wconf 83' lang='lat' dir='ltr'>nesciunt.1</span> <span class='ocrx_word' id='word_1_71' title='bbox 654 1458 886 1537; x_wconf 86' lang='lat' dir='ltr'>Veruntamen,</span> <span class='ocrx_word' id='word_1_72' title='bbox 898 1469 937 1524; x_wconf 95' lang='lat' dir='ltr'>ut</span> <span class='ocrx_word' id='word_1_73' title='bbox 947 1459 993 1523; x_wconf 88' lang='lat' dir='ltr'>ait</span> <span class='ocrx_word' id='word_1_74' title='bbox 1000 1459 1188 1543; x_wconf 92' lang='lat' dir='ltr'>Apostolus,</span> <span class='ocrx_word' id='word_1_75' title='bbox 1208 1460 1329 1524; x_wconf 86' lang='lat' dir='ltr'>Ulisu-</span> 
     </span>
     <span class='ocr_line' id='line_1_11' title="bbox 266 1561 1330 1647; baseline 0 -23"><span class='ocrx_word' id='word_1_76' title='bbox 266 1563 371 1647; x_wconf 91' lang='lat' dir='ltr'>piens,</span> <span class='ocrx_word' id='word_1_77' title='bbox 387 1562 440 1626; x_wconf 84' lang='lat' dir='ltr'>ubi</span> <span class='ocrx_word' id='word_1_78' title='bbox 454 1563 568 1638; x_wconf 88' lang='lat' dir='ltr'>scriba,</span> <span class='ocrx_word' id='word_1_79' title='bbox 581 1563 634 1625; x_wconf 85' lang='lat' dir='ltr'>ubi</span> <span class='ocrx_word' id='word_1_80' title='bbox 645 1563 835 1646; x_wconf 74' lang='lat' dir='ltr'>conquisitor</span> <span class='ocrx_word' id='word_1_81' title='bbox 845 1563 936 1645; x_wconf 76' lang='lat' dir='ltr'>liujus</span> <span class='ocrx_word' id='word_1_82' title='bbox 947 1561 1075 1636; x_wconf 83' lang='lat' dir='ltr'>sceeuli,·</span> <span class='ocrx_word' id='word_1_83' title='bbox 1090 1583 1188 1624; x_wconf 90' lang='lat' dir='ltr'>nonne</span> <span class='ocrx_word' id='word_1_84' title='bbox 1201 1562 1330 1624; x_wconf 86' lang='lat' dir='ltr'>stultam</span> 
     </span>
     <span class='ocr_line' id='line_1_12' title="bbox 263 1663 1330 1748; baseline -0.002 -22"><span class='ocrx_word' id='word_1_85' title='bbox 263 1666 348 1746; x_wconf 74' lang='lat' dir='ltr'>fecit</span> <span class='ocrx_word' id='word_1_86' title='bbox 372 1666 461 1726; x_wconf 90' lang='lat' dir='ltr'>Deus</span> <span class='ocrx_word' id='word_1_87' title='bbox 474 1665 663 1748; x_wconf 86' lang='lat' dir='ltr'>sapientiam</span> <span class='ocrx_word' id='word_1_88' title='bbox 677 1665 768 1747; x_wconf 73' lang='lat' dir='ltr'>liujus</span> <span class='ocrx_word' id='word_1_89' title='bbox 783 1663 915 1726; x_wconf 85' lang='lat' dir='ltr'>mundi?</span> <span class='ocrx_word' id='word_1_90' title='bbox 955 1663 1002 1725; x_wconf 89' lang='lat' dir='ltr'>Et</span> <span class='ocrx_word' id='word_1_91' title='bbox 1020 1663 1139 1726; x_wconf 87' lang='lat' dir='ltr'>iterum</span> <span class='ocrx_word' id='word_1_92' title='bbox 1152 1689 1160 1741; x_wconf 90' lang='lat'>;</span> <span class='ocrx_word' id='word_1_93' title='bbox 1189 1664 1220 1726; x_wconf 88' lang='lat' dir='ltr'><em>V</em></span> <span class='ocrx_word' id='word_1_94' title='bbox 1216 1663 1263 1724; x_wconf 88' lang='lat' dir='ltr'>olo</span> <span class='ocrx_word' id='word_1_95' title='bbox 1277 1685 1330 1725; x_wconf 86' lang='lat' dir='ltr'>aas</span> 
     </span>
     <span class='ocr_line' id='line_1_13' title="bbox 270 1764 1327 1849; baseline 0.001 -23"><span class='ocrx_word' id='word_1_96' title='bbox 270 1767 427 1848; x_wconf 91' lang='lat' dir='ltr'>sapientes</span> <span class='ocrx_word' id='word_1_97' title='bbox 456 1765 578 1849; x_wconf 86' lang='lat' dir='ltr'>quidem</span> <span class='ocrx_word' id='word_1_98' title='bbox 607 1787 670 1828; x_wconf 89' lang='lat' dir='ltr'>esse</span> <span class='ocrx_word' id='word_1_99' title='bbox 693 1766 727 1828; x_wconf 91' lang='lat' dir='ltr'>in</span> <span class='ocrx_word' id='word_1_100' title='bbox 751 1766 837 1843; x_wconf 84' lang='lat' dir='ltr'>dono,</span> <span class='ocrx_word' id='word_1_101' title='bbox 865 1764 1022 1849; x_wconf 79' lang='lat' dir='ltr'>simplices</span> <span class='ocrx_word' id='word_1_102' title='bbox 1047 1773 1150 1827; x_wconf 82' lang='lat' dir='ltr'>auteur</span> <span class='ocrx_word' id='word_1_103' title='bbox 1176 1765 1211 1827; x_wconf 91' lang='lat' dir='ltr'>in</span> <span class='ocrx_word' id='word_1_104' title='bbox 1236 1765 1327 1828; x_wconf 83' lang='lat' dir='ltr'>malo.</span> 
     </span>
    </p>

    <p class='ocr_par' dir='ltr' id='par_1_5' title="bbox 204 1865 1329 3168">
     <span class='ocr_line' id='line_1_14' title="bbox 204 1865 1328 1951; baseline 0.003 -23"><span class='ocrx_word' id='word_1_105' title='bbox 204 1924 208 1928; x_wconf 84' lang='lat'>.</span> <span class='ocrx_word' id='word_1_106' title='bbox 234 1913 237 1920; x_wconf 69' lang='lat'>,</span> <span class='ocrx_word' id='word_1_107' title='bbox 273 1865 366 1929; x_wconf 88' lang='lat' dir='ltr'>Sicut</span> <span class='ocrx_word' id='word_1_108' title='bbox 379 1866 464 1928; x_wconf 91' lang='lat' dir='ltr'>enim</span> <span class='ocrx_word' id='word_1_109' title='bbox 477 1887 606 1930; x_wconf 87' lang='lat' dir='ltr'>nomoa</span> <span class='ocrx_word' id='word_1_110' title='bbox 627 1865 731 1951; x_wconf 89' lang='lat' dir='ltr'>seipso</span> <span class='ocrx_word' id='word_1_111' title='bbox 757 1865 881 1950; x_wconf 86' lang='lat' dir='ltr'>sapiens</span> <span class='ocrx_word' id='word_1_112' title='bbox 903 1888 971 1929; x_wconf 91' lang='lat' dir='ltr'>esse</span> <span class='ocrx_word' id='word_1_113' title='bbox 992 1874 1110 1950; x_wconf 90' lang='lat' dir='ltr'>potest,</span> <span class='ocrx_word' id='word_1_114' title='bbox 1127 1866 1183 1929; x_wconf 92' lang='lat' dir='ltr'>sed</span> <span class='ocrx_word' id='word_1_115' title='bbox 1204 1866 1244 1929; x_wconf 89' lang='lat' dir='ltr'>ab</span> <span class='ocrx_word' id='word_1_116' title='bbox 1265 1867 1328 1932; x_wconf 89' lang='lat' dir='ltr'>Illo</span> 
     </span>
     <span class='ocr_line' id='line_1_15' title="bbox 271 1966 1328 2052; baseline 0.003 -23"><span class='ocrx_word' id='word_1_117' title='bbox 271 1967 461 2044; x_wconf 86' lang='lat' dir='ltr'>illustrante,</span> <span class='ocrx_word' id='word_1_118' title='bbox 477 1966 516 2030; x_wconf 90' lang='lat' dir='ltr'>de</span> <span class='ocrx_word' id='word_1_119' title='bbox 531 1990 597 2051; x_wconf 92' lang='lat' dir='ltr'>quo</span> <span class='ocrx_word' id='word_1_120' title='bbox 611 1967 767 2052; x_wconf 89' lang='lat' dir='ltr'>scripturn</span> <span class='ocrx_word' id='word_1_121' title='bbox 787 1977 845 2044; x_wconf 91' lang='lat' dir='ltr'>est,</span> <span class='ocrx_word' id='word_1_122' title='bbox 866 1967 973 2030; x_wconf 86' lang='lat' dir='ltr'>Omnis</span> <span class='ocrx_word' id='word_1_123' title='bbox 986 1968 1145 2052; x_wconf 90' lang='lat' dir='ltr'>sapientia</span> <span class='ocrx_word' id='word_1_124' title='bbox 1159 1989 1180 2029; x_wconf 91' lang='lat' dir='ltr'>u</span> <span class='ocrx_word' id='word_1_125' title='bbox 1193 1969 1328 2032; x_wconf 84' lang='lat' dir='ltr'>Domino</span> 
     </span>
     <span class='ocr_line' id='line_1_16' title="bbox 270 2068 1328 2153; baseline 0.004 -23"><span class='ocrx_word' id='word_1_126' title='bbox 270 2069 341 2131; x_wconf 90' lang='lat' dir='ltr'>Dea</span> <span class='ocrx_word' id='word_1_127' title='bbox 357 2079 411 2133; x_wconf 88' lang='lat' dir='ltr'>est.</span> <span class='ocrx_word' id='word_1_128' title='bbox 454 2068 501 2132; x_wconf 91' lang='lat' dir='ltr'>Et</span> <span class='ocrx_word' id='word_1_129' title='bbox 515 2068 603 2146; x_wconf 90' lang='lat' dir='ltr'>alibi,</span> <span class='ocrx_word' id='word_1_130' title='bbox 618 2070 728 2132; x_wconf 78' lang='lat' dir='ltr'>Nolite</span> <span class='ocrx_word' id='word_1_131' title='bbox 736 2071 909 2153; x_wconf 72' lang='lat' dir='ltr'>prudentes</span> <span class='ocrx_word' id='word_1_132' title='bbox 924 2090 987 2132; x_wconf 85' lang='lat' dir='ltr'>esse</span> <span class='ocrx_word' id='word_1_133' title='bbox 1002 2068 1089 2152; x_wconf 90' lang='lat' dir='ltr'>apud</span> <span class='ocrx_word' id='word_1_134' title='bbox 1110 2077 1223 2132; x_wconf 86' lang='lat' dir='ltr'>uosmet</span> <span class='ocrx_word' id='word_1_135' title='bbox 1247 2072 1328 2153; x_wconf 88' lang='lat' dir='ltr'>ipsos</span> 
     </span>
     <span class='ocr_line' id='line_1_17' title="bbox 263 2171 1327 2258; baseline 0.004 -26"><span class='ocrx_word' id='word_1_136' title='bbox 263 2171 426 2257; x_wconf 83' lang='lat' dir='ltr'>fallentes,</span> <span class='ocrx_word' id='word_1_137' title='bbox 443 2173 502 2236; x_wconf 79' lang='lat' dir='ltr'>Sec.</span> <span class='ocrx_word' id='word_1_138' title='bbox 549 2171 611 2236; x_wconf 81' lang='lat' dir='ltr'>cui</span> <span class='ocrx_word' id='word_1_139' title='bbox 637 2172 809 2236; x_wconf 90' lang='lat' dir='ltr'>concordat</span> <span class='ocrx_word' id='word_1_140' title='bbox 833 2172 917 2235; x_wconf 90' lang='lat' dir='ltr'>illud</span> <span class='ocrx_word' id='word_1_141' title='bbox 938 2171 1056 2250; x_wconf 81' lang='lat' dir='ltr'>Isaiae3</span> <span class='ocrx_word' id='word_1_142' title='bbox 1085 2173 1138 2236; x_wconf 77' lang='lat' dir='ltr'>Vre</span> <span class='ocrx_word' id='word_1_143' title='bbox 1163 2173 1247 2235; x_wconf 85' lang='lat' dir='ltr'>nobis</span> <span class='ocrx_word' id='word_1_144' title='bbox 1272 2175 1327 2258; x_wconf 83' lang='lat' dir='ltr'>qui</span> 
     </span>
     <span class='ocr_line' id='line_1_18' title="bbox 270 2273 1329 2358; baseline 0.006 -25"><span class='ocrx_word' id='word_1_145' title='bbox 270 2273 427 2356; x_wconf 89' lang='lat' dir='ltr'>sapientes</span> <span class='ocrx_word' id='word_1_146' title='bbox 435 2276 509 2337; x_wconf 87' lang='lat' dir='ltr'>estis</span> <span class='ocrx_word' id='word_1_147' title='bbox 520 2277 554 2337; x_wconf 94' lang='lat' dir='ltr'>in</span> <span class='ocrx_word' id='word_1_148' title='bbox 566 2275 663 2337; x_wconf 88' lang='lat' dir='ltr'>oculis</span> <span class='ocrx_word' id='word_1_149' title='bbox 674 2276 785 2338; x_wconf 87' lang='lat' dir='ltr'>uestris</span> <span class='ocrx_word' id='word_1_150' title='bbox 800 2281 831 2336; x_wconf 88' lang='lat' dir='ltr'>et</span> <span class='ocrx_word' id='word_1_151' title='bbox 846 2274 932 2358; x_wconf 89' lang='lat' dir='ltr'>apud</span> <span class='ocrx_word' id='word_1_152' title='bbox 941 2283 1054 2337; x_wconf 84' lang='lat' dir='ltr'>uosmet</span> <span class='ocrx_word' id='word_1_153' title='bbox 1062 2276 1145 2358; x_wconf 88' lang='lat' dir='ltr'>ipsos</span> <span class='ocrx_word' id='word_1_154' title='bbox 1146 2275 1329 2358; x_wconf 87' lang='lat' dir='ltr'>prudentes.</span> 
     </span>
     <span class='ocr_line' id='line_1_19' title="bbox 273 2374 1328 2460; baseline 0.001 -22"><span class='ocrx_word' id='word_1_155' title='bbox 273 2375 375 2439; x_wconf 88' lang='lat' dir='ltr'>Item:</span> <span class='ocrx_word' id='word_1_156' title='bbox 391 2374 568 2439; x_wconf 80' lang='lat' dir='ltr'>Prudentia</span> <span class='ocrx_word' id='word_1_157' title='bbox 581 2376 686 2441; x_wconf 87' lang='lat' dir='ltr'>earnis</span> <span class='ocrx_word' id='word_1_158' title='bbox 696 2381 840 2439; x_wconf 76' lang='lat' dir='ltr'>moreest.</span> <span class='ocrx_word' id='word_1_159' title='bbox 870 2375 916 2439; x_wconf 89' lang='lat' dir='ltr'>Et</span> <span class='ocrx_word' id='word_1_160' title='bbox 932 2375 1150 2460; x_wconf 85' lang='lat' dir='ltr'>subsequitur,</span> <span class='ocrx_word' id='word_1_161' title='bbox 1161 2374 1328 2459; x_wconf 74' lang='lat' dir='ltr'>Sapientia</span> 
     </span>
     <span class='ocr_line' id='line_1_20' title="bbox 271 2477 1328 2561; baseline 0 -21"><span class='ocrx_word' id='word_1_162' title='bbox 271 2480 376 2540; x_wconf 89' lang='lat' dir='ltr'>carnis</span> <span class='ocrx_word' id='word_1_163' title='bbox 390 2479 519 2540; x_wconf 84' lang='lat' dir='ltr'>inimica</span> <span class='ocrx_word' id='word_1_164' title='bbox 534 2487 580 2541; x_wconf 84' lang='lat' dir='ltr'>est</span> <span class='ocrx_word' id='word_1_165' title='bbox 600 2479 680 2545; x_wconf 87' lang='lat' dir='ltr'>Deo.</span> <span class='ocrx_word' id='word_1_166' title='bbox 723 2477 770 2541; x_wconf 89' lang='lat' dir='ltr'>Et</span> <span class='ocrx_word' id='word_1_167' title='bbox 783 2478 913 2556; x_wconf 87' lang='lat' dir='ltr'>iterum,</span> <span class='ocrx_word' id='word_1_168' title='bbox 928 2477 1095 2561; x_wconf 81' lang='lat' dir='ltr'>Sapientia</span> <span class='ocrx_word' id='word_1_169' title='bbox 1109 2477 1200 2560; x_wconf 73' lang='lat' dir='ltr'>liujus</span> <span class='ocrx_word' id='word_1_170' title='bbox 1221 2478 1328 2540; x_wconf 87' lang='lat' dir='ltr'>mundi</span> 
     </span>
     <span class='ocr_line' id='line_1_21' title="bbox 270 2578 1327 2665; baseline 0.004 -25"><span class='ocrx_word' id='word_1_171' title='bbox 270 2580 407 2642; x_wconf 86' lang='lat' dir='ltr'>stultitia</span> <span class='ocrx_word' id='word_1_172' title='bbox 420 2588 466 2643; x_wconf 87' lang='lat' dir='ltr'>est</span> <span class='ocrx_word' id='word_1_173' title='bbox 481 2580 567 2665; x_wconf 86' lang='lat' dir='ltr'>apud</span> <span class='ocrx_word' id='word_1_174' title='bbox 573 2582 687 2645; x_wconf 88' lang='lat' dir='ltr'>Deurn.</span> <span class='ocrx_word' id='word_1_175' title='bbox 718 2579 770 2643; x_wconf 91' lang='lat' dir='ltr'>Ad</span> <span class='ocrx_word' id='word_1_176' title='bbox 783 2579 1085 2664; x_wconf 85' lang='lat' dir='ltr'>haecAngustinus3</span> <span class='ocrx_word' id='word_1_177' title='bbox 1101 2578 1170 2641; x_wconf 88' lang='lat' dir='ltr'>“Si</span> <span class='ocrx_word' id='word_1_178' title='bbox 1185 2578 1327 2644; x_wconf 87' lang='lat' dir='ltr'>Domino</span> 
     </span>
     <span class='ocr_line' id='line_1_22' title="bbox 271 2680 1327 2768; baseline -0.001 -24"><span class='ocrx_word' id='word_1_179' title='bbox 271 2681 427 2760; x_wconf 87' lang='lat' dir='ltr'>mentiris,</span> <span class='ocrx_word' id='word_1_180' title='bbox 444 2683 474 2746; x_wconf 90' lang='lat' dir='ltr'>ei</span> <span class='ocrx_word' id='word_1_181' title='bbox 495 2683 641 2748; x_wconf 89' lang='lat' dir='ltr'>mentiris</span> <span class='ocrx_word' id='word_1_182' title='bbox 657 2705 754 2768; x_wconf 90' lang='lat' dir='ltr'>quern</span> <span class='ocrx_word' id='word_1_183' title='bbox 770 2704 838 2746; x_wconf 91' lang='lat' dir='ltr'>non</span> <span class='ocrx_word' id='word_1_184' title='bbox 860 2682 963 2759; x_wconf 83' lang='lat' dir='ltr'>fallis3</span> <span class='ocrx_word' id='word_1_185' title='bbox 986 2680 1117 2744; x_wconf 90' lang='lat' dir='ltr'>mentiri</span> <span class='ocrx_word' id='word_1_186' title='bbox 1133 2680 1205 2743; x_wconf 92' lang='lat' dir='ltr'>Deo</span> <span class='ocrx_word' id='word_1_187' title='bbox 1222 2690 1327 2763; x_wconf 69' lang='lat' dir='ltr'>potes</span> 
     </span>
     <span class='ocr_line' id='line_1_23' title="bbox 272 2781 1326 2869; baseline -0.002 -23"><span class='ocrx_word' id='word_1_188' title='bbox 272 2782 381 2847; x_wconf 89' lang='lat' dir='ltr'>Deum</span> <span class='ocrx_word' id='word_1_189' title='bbox 395 2784 506 2849; x_wconf 85' lang='lat' dir='ltr'>fallere</span> <span class='ocrx_word' id='word_1_190' title='bbox 521 2807 586 2848; x_wconf 94' lang='lat' dir='ltr'>non</span> <span class='ocrx_word' id='word_1_191' title='bbox 599 2797 702 2869; x_wconf 89' lang='lat' dir='ltr'>potes.</span> <span class='ocrx_word' id='word_1_192' title='bbox 748 2784 843 2847; x_wconf 86' lang='lat' dir='ltr'>Intus</span> <span class='ocrx_word' id='word_1_193' title='bbox 866 2794 899 2848; x_wconf 88' lang='lat' dir='ltr'>te</span> <span class='ocrx_word' id='word_1_194' title='bbox 913 2783 1015 2859; x_wconf 88' lang='lat' dir='ltr'>videt,</span> <span class='ocrx_word' id='word_1_195' title='bbox 1030 2782 1119 2845; x_wconf 86' lang='lat' dir='ltr'>Intus</span> <span class='ocrx_word' id='word_1_196' title='bbox 1142 2781 1326 2860; x_wconf 76' lang='lat' dir='ltr'>examinat,</span> 
     </span>
     <span class='ocr_line' id='line_1_24' title="bbox 268 2881 1329 2959; baseline 0.001 -13"><span class='ocrx_word' id='word_1_197' title='bbox 268 2884 358 2948; x_wconf 87' lang='lat' dir='ltr'>intus</span> <span class='ocrx_word' id='word_1_198' title='bbox 381 2895 438 2947; x_wconf 89' lang='lat' dir='ltr'>aut</span> <span class='ocrx_word' id='word_1_199' title='bbox 462 2886 590 2949; x_wconf 90' lang='lat' dir='ltr'>damnat</span> <span class='ocrx_word' id='word_1_200' title='bbox 623 2896 681 2948; x_wconf 88' lang='lat' dir='ltr'>aut</span> <span class='ocrx_word' id='word_1_201' title='bbox 714 2883 876 2948; x_wconf 89' lang='lat' dir='ltr'>coronat.”</span> <span class='ocrx_word' id='word_1_202' title='bbox 920 2882 1005 2945; x_wconf 90' lang='lat' dir='ltr'>Item</span> <span class='ocrx_word' id='word_1_203' title='bbox 1027 2881 1185 2959; x_wconf 83' lang='lat' dir='ltr'>Jacobus;</span> <span class='ocrx_word' id='word_1_204' title='bbox 1217 2883 1329 2948; x_wconf 82' lang='lat' dir='ltr'>Nolite</span> 
     </span>
     <span class='ocr_line' id='line_1_25' title="bbox 267 2982 1329 3069; baseline 0.002 -23"><span class='ocrx_word' id='word_1_205' title='bbox 267 2985 404 3069; x_wconf 72' lang='lat' dir='ltr'>ylariani</span> <span class='ocrx_word' id='word_1_206' title='bbox 419 2993 450 3047; x_wconf 91' lang='lat' dir='ltr'>et</span> <span class='ocrx_word' id='word_1_207' title='bbox 469 2985 630 3047; x_wconf 80' lang='lat' dir='ltr'>mendaces</span> <span class='ocrx_word' id='word_1_208' title='bbox 647 2989 717 3047; x_wconf 85' lang='lat' dir='ltr'>&#39;esse</span> <span class='ocrx_word' id='word_1_209' title='bbox 742 2983 889 3047; x_wconf 75' lang='lat' dir='ltr'>adnrersus</span> <span class='ocrx_word' id='word_1_210' title='bbox 911 2985 1085 3046; x_wconf 85' lang='lat' dir='ltr'>ueritatem.</span> <span class='ocrx_word' id='word_1_211' title='bbox 1121 2982 1197 3046; x_wconf 90' lang='lat' dir='ltr'>Non</span> <span class='ocrx_word' id='word_1_212' title='bbox 1212 2993 1258 3048; x_wconf 89' lang='lat' dir='ltr'>est</span> <span class='ocrx_word' id='word_1_213' title='bbox 1277 3007 1329 3048; x_wconf 87' lang='lat' dir='ltr'>sa·</span> 
     </span>
     <span class='ocr_line' id='line_1_26' title="bbox 264 3084 1327 3168; baseline 0.005 -22"><span class='ocrx_word' id='word_1_214' title='bbox 264 3087 391 3168; x_wconf 88' lang='lat' dir='ltr'>pientia</span> <span class='ocrx_word' id='word_1_215' title='bbox 406 3086 563 3148; x_wconf 83' lang='lat' dir='ltr'>desursum</span> <span class='ocrx_word' id='word_1_216' title='bbox 572 3085 766 3161; x_wconf 86' lang='lat' dir='ltr'>descendens,</span> <span class='ocrx_word' id='word_1_217' title='bbox 778 3085 834 3147; x_wconf 87' lang='lat' dir='ltr'>sed</span> <span class='ocrx_word' id='word_1_218' title='bbox 847 3094 971 3148; x_wconf 89' lang='lat' dir='ltr'>terrena</span> <span class='ocrx_word' id='word_1_219' title='bbox 983 3085 1089 3147; x_wconf 85' lang='lat' dir='ltr'>anima</span> <span class='ocrx_word' id='word_1_220' title='bbox 1100 3084 1151 3147; x_wconf 85' lang='lat' dir='ltr'>ael</span> <span class='ocrx_word' id='word_1_221' title='bbox 1160 3085 1327 3152; x_wconf 84' lang='lat' dir='ltr'>diabolica.</span> 
     </span>
    </p>

    <p class='ocr_par' dir='ltr' id='par_1_6' title="bbox 214 3186 1332 3782">
     <span class='ocr_line' id='line_1_27' title="bbox 214 3186 1329 3272; baseline 0.002 -22"><span class='ocrx_word' id='word_1_222' title='bbox 214 3220 217 3231; x_wconf 68' lang='lat'><em>‹</em></span> <span class='ocrx_word' id='word_1_223' title='bbox 271 3187 356 3250; x_wconf 88' lang='lat' dir='ltr'>Item</span> <span class='ocrx_word' id='word_1_224' title='bbox 378 3187 601 3265; x_wconf 73' lang='lat' dir='ltr'>Cassiodorus,</span> <span class='ocrx_word' id='word_1_225' title='bbox 619 3192 640 3223; x_wconf 90' lang='lat'><strong><em>“</em></strong></span> <span class='ocrx_word' id='word_1_226' title='bbox 653 3187 812 3272; x_wconf 90' lang='lat' dir='ltr'>Insipiens</span> <span class='ocrx_word' id='word_1_227' title='bbox 827 3196 876 3251; x_wconf 91' lang='lat' dir='ltr'>est</span> <span class='ocrx_word' id='word_1_228' title='bbox 894 3187 949 3250; x_wconf 92' lang='lat' dir='ltr'>ille</span> <span class='ocrx_word' id='word_1_229' title='bbox 968 3186 1026 3271; x_wconf 92' lang='lat' dir='ltr'>qui</span> <span class='ocrx_word' id='word_1_230' title='bbox 1038 3186 1159 3250; x_wconf 89' lang='lat' dir='ltr'>caelesti</span> <span class='ocrx_word' id='word_1_231' title='bbox 1171 3187 1329 3272; x_wconf 87' lang='lat' dir='ltr'>sapientia</span> 
     </span>
     <span class='ocr_line' id='line_1_28' title="bbox 266 3286 1332 3373; baseline 0 -21"><span class='ocrx_word' id='word_1_232' title='bbox 266 3310 397 3366; x_wconf 81' lang='lat' dir='ltr'>vacuus,</span> <span class='ocrx_word' id='word_1_233' title='bbox 409 3288 557 3351; x_wconf 89' lang='lat' dir='ltr'>humanis</span> <span class='ocrx_word' id='word_1_234' title='bbox 564 3288 711 3352; x_wconf 90' lang='lat' dir='ltr'>versutiis</span> <span class='ocrx_word' id='word_1_235' title='bbox 720 3286 835 3372; x_wconf 91' lang='lat' dir='ltr'>plenus</span> <span class='ocrx_word' id='word_1_236' title='bbox 844 3288 921 3352; x_wconf 83' lang='lat' dir='ltr'>est.”</span> <span class='ocrx_word' id='word_1_237' title='bbox 944 3287 1030 3352; x_wconf 91' lang='lat' dir='ltr'>Item</span> <span class='ocrx_word' id='word_1_238' title='bbox 1038 3288 1215 3373; x_wconf 88' lang='lat' dir='ltr'>Apostolus</span> <span class='ocrx_word' id='word_1_239' title='bbox 1227 3314 1235 3366; x_wconf 83' lang='lat'>3</span> <span class='ocrx_word' id='word_1_240' title='bbox 1248 3291 1332 3353; x_wconf 51' lang='lat' dir='ltr'>Per-¹</span> 
     </span>
     <span class='ocr_line' id='line_1_29' title="bbox 270 3389 1327 3475; baseline -0.002 -21"><span class='ocrx_word' id='word_1_241' title='bbox 270 3392 342 3454; x_wconf 84' lang='lat' dir='ltr'>darn</span> <span class='ocrx_word' id='word_1_242' title='bbox 352 3392 540 3475; x_wconf 84' lang='lat' dir='ltr'>sapientiam</span> <span class='ocrx_word' id='word_1_243' title='bbox 550 3391 751 3474; x_wconf 84' lang='lat' dir='ltr'>sapientium,</span> <span class='ocrx_word' id='word_1_244' title='bbox 761 3398 791 3451; x_wconf 92' lang='lat' dir='ltr'>et</span> <span class='ocrx_word' id='word_1_245' title='bbox 794 3389 998 3473; x_wconf 80' lang='lat' dir='ltr'>prudentiane</span> <span class='ocrx_word' id='word_1_246' title='bbox 1005 3389 1208 3474; x_wconf 85' lang='lat' dir='ltr'>prudentium</span> <span class='ocrx_word' id='word_1_247' title='bbox 1220 3411 1327 3474; x_wconf 92' lang='lat' dir='ltr'>repro-</span> 
     </span>
     <span class='ocr_line' id='line_1_30' title="bbox 269 3493 1328 3578; baseline -0.001 -21"><span class='ocrx_word' id='word_1_248' title='bbox 269 3496 355 3558; x_wconf 80' lang='lat' dir='ltr'>babo.</span> <span class='ocrx_word' id='word_1_249' title='bbox 405 3493 500 3558; x_wconf 87' lang='lat' dir='ltr'>Unde</span> <span class='ocrx_word' id='word_1_250' title='bbox 520 3493 555 3556; x_wconf 89' lang='lat' dir='ltr'>in</span> <span class='ocrx_word' id='word_1_251' title='bbox 577 3493 660 3556; x_wconf 86' lang='lat' dir='ltr'>lob:</span> <span class='ocrx_word' id='word_1_252' title='bbox 694 3493 954 3577; x_wconf 72' lang='lat' dir='ltr'>Conprehendanr</span> <span class='ocrx_word' id='word_1_253' title='bbox 978 3495 1134 3578; x_wconf 88' lang='lat' dir='ltr'>sapientes</span> <span class='ocrx_word' id='word_1_254' title='bbox 1152 3494 1186 3555; x_wconf 90' lang='lat' dir='ltr'>in</span> <span class='ocrx_word' id='word_1_255' title='bbox 1209 3495 1328 3556; x_wconf 87' lang='lat' dir='ltr'>astutia</span> 
     </span>
     <span class='ocr_line' id='line_1_31' title="bbox 269 3595 1328 3681; baseline -0.006 -19"><span class='ocrx_word' id='word_1_256' title='bbox 269 3621 380 3662; x_wconf 79' lang='lat' dir='ltr'>eorum</span> <span class='ocrx_word' id='word_1_257' title='bbox 418 3597 503 3661; x_wconf 91' lang='lat' dir='ltr'>Item</span> <span class='ocrx_word' id='word_1_258' title='bbox 521 3596 685 3681; x_wconf 90' lang='lat' dir='ltr'>ejusdem:</span> <span class='ocrx_word' id='word_1_259' title='bbox 713 3595 804 3668; x_wconf 76' lang='lat' dir='ltr'>Quod</span> <span class='ocrx_word' id='word_1_260' title='bbox 814 3596 942 3660; x_wconf 85' lang='lat' dir='ltr'>stultum</span> <span class='ocrx_word' id='word_1_261' title='bbox 952 3605 997 3659; x_wconf 87' lang='lat' dir='ltr'>est</span> <span class='ocrx_word' id='word_1_262' title='bbox 1007 3597 1083 3671; x_wconf 90' lang='lat' dir='ltr'>Dei,</span> <span class='ocrx_word' id='word_1_263' title='bbox 1097 3596 1271 3680; x_wconf 86' lang='lat' dir='ltr'>sapientius</span> <span class='ocrx_word' id='word_1_264' title='bbox 1282 3604 1328 3658; x_wconf 86' lang='lat' dir='ltr'>est</span> 
     </span>
     <span class='ocr_line' id='line_1_32' title="bbox 268 3699 1259 3782; baseline -0.002 -20"><span class='ocrx_word' id='word_1_265' title='bbox 268 3701 447 3776; x_wconf 83' lang='lat' dir='ltr'>luminibus,</span> <span class='ocrx_word' id='word_1_266' title='bbox 461 3707 490 3760; x_wconf 90' lang='lat' dir='ltr'>et</span> <span class='ocrx_word' id='word_1_267' title='bbox 500 3699 582 3782; x_wconf 85' lang='lat' dir='ltr'>quod</span> <span class='ocrx_word' id='word_1_268' title='bbox 592 3699 745 3782; x_wconf 78' lang='lat' dir='ltr'>irpirnturn</span> <span class='ocrx_word' id='word_1_269' title='bbox 756 3709 802 3762; x_wconf 90' lang='lat' dir='ltr'>est</span> <span class='ocrx_word' id='word_1_270' title='bbox 809 3701 885 3778; x_wconf 92' lang='lat' dir='ltr'>Dei,</span> <span class='ocrx_word' id='word_1_271' title='bbox 887 3699 1008 3782; x_wconf 88' lang='lat' dir='ltr'>fortius</span> <span class='ocrx_word' id='word_1_272' title='bbox 1023 3707 1068 3760; x_wconf 88' lang='lat' dir='ltr'>est</span> <span class='ocrx_word' id='word_1_273' title='bbox 1082 3699 1259 3762; x_wconf 75' lang='lat' dir='ltr'>hominibus.</span> 
     </span>
    </p>

    <p class='ocr_par' dir='ltr' id='par_1_7' title="bbox 267 3800 1329 4292">
     <span class='ocr_line' id='line_1_33' title="bbox 312 3800 1329 3886; baseline -0.002 -20"><span class='ocrx_word' id='word_1_274' title='bbox 312 3802 342 3866; x_wconf 94' lang='lat' dir='ltr'>O</span> <span class='ocrx_word' id='word_1_275' title='bbox 379 3802 493 3865; x_wconf 88' lang='lat' dir='ltr'>stultas</span> <span class='ocrx_word' id='word_1_276' title='bbox 521 3801 633 3885; x_wconf 82' lang='lat' dir='ltr'>igitur,</span> <span class='ocrx_word' id='word_1_277' title='bbox 662 3824 681 3864; x_wconf 95' lang='lat' dir='ltr'>o</span> <span class='ocrx_word' id='word_1_278' title='bbox 717 3801 833 3879; x_wconf 81' lang='lat' dir='ltr'>fatuas,</span> <span class='ocrx_word' id='word_1_279' title='bbox 864 3824 883 3864; x_wconf 95' lang='lat' dir='ltr'>o</span> <span class='ocrx_word' id='word_1_280' title='bbox 913 3800 1093 3886; x_wconf 90' lang='lat' dir='ltr'>pertinaces</span> <span class='ocrx_word' id='word_1_281' title='bbox 1121 3801 1259 3886; x_wconf 91' lang='lat' dir='ltr'>ineptias</span> <span class='ocrx_word' id='word_1_282' title='bbox 1295 3812 1329 3864; x_wconf 88' lang='lat' dir='ltr'>et</span> 
     </span>
     <span class='ocr_line' id='line_1_34' title="bbox 268 3901 1327 3987; baseline 0 -21"><span class='ocrx_word' id='word_1_283' title='bbox 268 3903 461 3967; x_wconf 89' lang='lat' dir='ltr'>obstinatas!</span> <span class='ocrx_word' id='word_1_284' title='bbox 486 3903 580 3966; x_wconf 91' lang='lat' dir='ltr'>Nihil</span> <span class='ocrx_word' id='word_1_285' title='bbox 609 3903 696 3987; x_wconf 88' lang='lat' dir='ltr'>apud</span> <span class='ocrx_word' id='word_1_286' title='bbox 718 3902 805 3966; x_wconf 91' lang='lat' dir='ltr'>hunc</span> <span class='ocrx_word' id='word_1_287' title='bbox 831 3901 909 3965; x_wconf 84' lang='lat' dir='ltr'>Rex</span> <span class='ocrx_word' id='word_1_288' title='bbox 924 3901 1054 3966; x_wconf 91' lang='lat' dir='ltr'>omnino</span> <span class='ocrx_word' id='word_1_289' title='bbox 1078 3901 1162 3965; x_wconf 88' lang='lat' dir='ltr'>lexis</span> <span class='ocrx_word' id='word_1_290' title='bbox 1191 3903 1327 3987; x_wconf 87' lang='lat' dir='ltr'>argutia,</span> 
     </span>
     <span class='ocr_line' id='line_1_35' title="bbox 267 4003 1328 4089; baseline -0.001 -22"><span class='ocrx_word' id='word_1_291' title='bbox 267 4004 350 4067; x_wconf 90' lang='lat' dir='ltr'>nihil</span> <span class='ocrx_word' id='word_1_292' title='bbox 380 4015 491 4068; x_wconf 88' lang='lat' dir='ltr'>ornata</span> <span class='ocrx_word' id='word_1_293' title='bbox 515 4003 642 4089; x_wconf 91' lang='lat' dir='ltr'>proficit</span> <span class='ocrx_word' id='word_1_294' title='bbox 667 4003 870 4087; x_wconf 83' lang='lat' dir='ltr'>eloquentia3</span> <span class='ocrx_word' id='word_1_295' title='bbox 903 4005 991 4089; x_wconf 87' lang='lat' dir='ltr'>apud</span> <span class='ocrx_word' id='word_1_296' title='bbox 1016 4027 1113 4088; x_wconf 91' lang='lat' dir='ltr'>quem</span> <span class='ocrx_word' id='word_1_297' title='bbox 1139 4004 1205 4068; x_wconf 92' lang='lat' dir='ltr'>sola</span> <span class='ocrx_word' id='word_1_298' title='bbox 1227 4005 1328 4068; x_wconf 87' lang='lat' dir='ltr'>virtus</span> 
     </span>
     <span class='ocr_line' id='line_1_36' title="bbox 268 4104 1329 4190; baseline -0.002 -21"><span class='ocrx_word' id='word_1_299' title='bbox 268 4115 301 4169; x_wconf 90' lang='lat' dir='ltr'>et</span> <span class='ocrx_word' id='word_1_300' title='bbox 323 4104 439 4168; x_wconf 88' lang='lat' dir='ltr'>veritas</span> <span class='ocrx_word' id='word_1_301' title='bbox 462 4104 553 4189; x_wconf 89' lang='lat' dir='ltr'>(quia</span> <span class='ocrx_word' id='word_1_302' title='bbox 576 4128 702 4190; x_wconf 76' lang='lat' dir='ltr'>repnunt</span> <span class='ocrx_word' id='word_1_303' title='bbox 729 4106 869 4168; x_wconf 79' lang='lat' dir='ltr'>calorum</span> <span class='ocrx_word' id='word_1_304' title='bbox 892 4108 953 4168; x_wconf 89' lang='lat' dir='ltr'>airn</span> <span class='ocrx_word' id='word_1_305' title='bbox 971 4106 1110 4190; x_wconf 89' lang='lat' dir='ltr'>patitur,</span> <span class='ocrx_word' id='word_1_306' title='bbox 1141 4114 1172 4169; x_wconf 90' lang='lat' dir='ltr'>et</span> <span class='ocrx_word' id='word_1_307' title='bbox 1200 4105 1329 4168; x_wconf 64' lang='lat' dir='ltr'>eioknti</span> 
     </span>
     <span class='ocr_line' id='line_1_37' title="bbox 267 4207 1328 4292; baseline 0.002 -25"><span class='ocrx_word' id='word_1_308' title='bbox 267 4209 397 4291; x_wconf 89' lang='lat' dir='ltr'>rapiunt</span> <span class='ocrx_word' id='word_1_309' title='bbox 428 4207 541 4292; x_wconf 64' lang='lat' dir='ltr'>illud,)¹</span> <span class='ocrx_word' id='word_1_310' title='bbox 570 4207 620 4273; x_wconf 89' lang='lat' dir='ltr'>vel</span> <span class='ocrx_word' id='word_1_311' title='bbox 649 4216 823 4290; x_wconf 89' lang='lat' dir='ltr'>extorquet</span> <span class='ocrx_word' id='word_1_312' title='bbox 851 4207 901 4270; x_wconf 91' lang='lat' dir='ltr'>vel</span> <span class='ocrx_word' id='word_1_313' title='bbox 936 4209 1116 4292; x_wconf 86' lang='lat' dir='ltr'>persuadet.</span> <span class='ocrx_word' id='word_1_314' title='bbox 1177 4207 1328 4291; x_wconf 93' lang='lat' dir='ltr'>Optimus</span> 
     </span>
    </p>
   </div>
   <div class='ocr_carea' id='block_1_3' title="bbox 569 4339 1023 4405">
    <p class='ocr_par' dir='ltr' id='par_1_8' title="bbox 569 4339 1023 4405">
     <span class='ocr_line' id='line_1_38' title="bbox 569 4339 1023 4405; baseline 0 -13"><span class='ocrx_word' id='word_1_315' title='bbox 569 4339 576 4369; x_wconf 89' lang='lat'><strong>¹</strong></span> <span class='ocrx_word' id='word_1_316' title='bbox 595 4339 670 4394; x_wconf 88' lang='lat' dir='ltr'>Prov.</span> <span class='ocrx_word' id='word_1_317' title='bbox 683 4341 741 4395; x_wconf 80' lang='lat' dir='ltr'>xxi.</span> <span class='ocrx_word' id='word_1_318' title='bbox 754 4344 789 4395; x_wconf 89' lang='lat'>30</span> <span class='ocrx_word' id='word_1_319' title='bbox 798 4360 806 4405; x_wconf 92' lang='lat'>;</span> <span class='ocrx_word' id='word_1_320' title='bbox 825 4339 920 4393; x_wconf 88' lang='lat' dir='ltr'>Jerem.</span> <span class='ocrx_word' id='word_1_321' title='bbox 935 4340 968 4393; x_wconf 91' lang='lat' dir='ltr'>iv.</span> <span class='ocrx_word' id='word_1_322' title='bbox 982 4342 1023 4393; x_wconf 80' lang='lat'>22.</span> 
     </span>
    </p>
   </div>
   <div class='ocr_carea' id='block_1_4' title="bbox 0 0 1504 5016">
    <p class='ocr_par' dir='ltr' id='par_1_9' title="bbox 0 0 1504 5016">
     <span class='ocr_line' id='line_1_39' title="bbox 0 0 1504 5016; baseline 0 0"><span class='ocrx_word' id='word_1_323' title='bbox 0 0 1504 5016; x_wconf 95' lang='lat' dir='ltr'> </span> 
     </span>
    </p>
   </div>
  </div>
 </body>
</html>
