3000 5040
418 471 465 520 DE
491 470 758 520 INSTRUOTIONE
784 471 999 521 PRINCIPUM.
1195 459 1241 523 65'

175 635 270 682 suum
295 619 417 704 absque
433 620 535 684 tutela
550 631 584 685 et
598 621 753 705 regimine
769 621 955 698 destituere,
973 630 1138 706 terrasque
1164 645 1237 687 suas

175 721 398 785 transmarinas
410 722 606 786 Francorum
619 722 795 807 rapacitati,
809 723 927 807 quibus
939 744 1057 786 exosus
1069 723 1235 802 extiterat,

174 820 204 882 ei
227 821 261 884 in
284 823 530 906 praesentiarum
545 846 718 909 exponere,
735 834 844 888 tutum
866 834 1032 888 nouerat.
1079 823 1181 888 Porro
1196 826 1235 889 de

172 923 310 1007 pecunia
331 933 397 994 tam
425 924 491 1002 illa,
516 949 614 1010 quam
639 925 716 989 clim
742 926 782 988 ad
807 935 914 1010 partes
943 925 1014 990 illas
1043 925 1104 989 sibi
1133 949 1237 989 reser-

171 1023 305 1088 vandam
332 1026 574 1105 transmiserat,¹
599 1049 696 1111 quam
723 1037 757 1090 et
782 1027 844 1091 alia
873 1027 982 1095 statim
1008 1028 1039 1090 ei
1066 1028 1234 1106 tradenda,

172 1124 214 1188 ad
228 1134 323 1190 terrae
338 1149 436 1191 sacrae
452 1127 636 1205 tuitionem,
653 1127 780 1213 copiose
795 1128 980 1192 conferret«2

218 1226 280 1292 eui
298 1227 504 1294 Patriarcha:
529 1234 551 1264 ‘⁴
564 1229 622 1293 Nil
643 1230 721 1313 agis,
738 1251 757 1292 ο
772 1229 860 1308 Rex,
875 1229 977 1292 huic³
997 1239 1081 1294 stare
1098 1232 1234 1296 consilio

172 1327 200 1390 si
213 1328 412 1412 perstiterim
429 1329 582 1414 quoniam
596 1329 631 1393 in
644 1330 732 1394 hunc
746 1330 879 1394 modum
893 1352 952 1393 nec
967 1338 1000 1393 tc
1016 1331 1160 1412 salvabis,
1173 1356 1232 1396 nec

174 1428 295 1493 Christi
316 1429 548 1514 patrimonium
570 1430 780 1495 conservabis.
827 1429 1012 1515 Principem
1035 1431 1119 1494 enim
1141 1456 1232 1516 quae.

172 1553 243 1598 rere
259 1531 417 1608 venimus,
440 1553 506 1594 non
536 1532 721 1617 pecuniamz
746 1531 902 1616 quaelibet
926 1531 994 1595 fere
1021 1533 1134 1597 mundi
1159 1556 1233 1618 pars

171 1632 266 1697 nobis
279 1632 450 1716 pecuniam
464 1632 585 1711 mittit;
610 1634 666 1697 sed
678 1633 859 1718 principem
874 1631 974 1697 nulla.
998 1633 1116 1699 Virum
1131 1634 1233 1719 igitur

171 1733 354 1817 appetimus
370 1733 428 1817 qui
443 1733 581 1818 pecunia
595 1733 750 1819 indigeat,
765 1757 831 1798 non
845 1734 1015 1819 pecuniam
1032 1757 1107 1820 quae
1119 1737 1234 1801 viro.”⁴

173 1832 239 1897 Sed
255 1835 408 1918 quoniam
432 1835 559 1898 nullum
582 1835 671 1900 aliud
694 1835 820 1920 aRege
843 1857 1031 1920 responsum
1047 1836 1232 1902 Patriarcha

171 1939 308 2005 elicere⁵
329 1939 448 2025 potuit,
473 1938 512 2002 ad
534 1937 622 2001 aliud
644 1960 677 2002 se
696 1937 836 2022 denique
856 1936 1032 2013 convertit3
1056 1959 1171 2022 rogans
1194 1950 1232 2003 ut

171 2041 222 2107 vel
244 2065 346 2107 unum
368 2042 510 2107 filiorum
533 2062 675 2118 suorum,
698 2051 731 2104 et
751 2040 861 2105 sinon
887 2039 996 2118 alium,
1017 2039 1128 2104 saltem
1152 2050 1231 2105 natu

171 2143 328 2208 minorem
350 2144 508 2209 Joannem
536 2143 581 2207 eis
607 2142 641 2205 in
665 2141 843 2209 subsidium
866 2141 1044 2231 principem
1067 2141 1167 2219 daret,
1193 2153 1231 2206 ut

171 2246 297 2330 regium
316 2268 425 2309 semen
442 2245 482 2308 de
499 2243 781 2327 Andegavensium
803 2242 901 2325 stirpe
917 2242 1111 2308 descendens
1130 2247 1231 2330 possit

171 2347 217 2410 eis
236 2348 288 2410 vel
309 2369 352 2410 ex
368 2347 430 2410 hoc
451 2345 591 2422 surculo,
611 2344 753 2408 redivivo
770 2343 925 2427 germine,
951 2345 1109 2410 suscitari.
1155 2346 1229 2431 Ipse

171 2469 245 2511 vero
259 2446 281 2509 J
282 2468 410 2522 oannes,
427 2467 612 2530 quanquam
635 2445 669 2507 in
686 2444 899 2528 Hyberniam‚
916 2444 946 2506 ei
964 2467 983 2508 a
1004 2457 1096 2530 patre
1111 2449 1229 2526 datam,

166 2550 236 2632 jam
254 2557 331 2610 tunc
347 2569 421 2611 cum
440 2547 552 2631 grandi
567 2545 774 2630 expeditione
792 2544 969 2610 mittendus
983 2547 1088 2625 foret,
1110 2549 1231 2634 patrias

171 2648 213 2712 ad
220 2648 318 2733 pedes
330 2671 362 2712 se
372 2648 571 2732 provolvens,
581 2658 615 2711 et
626 2658 664 2711 ut
673 2645 901 2730 lerosolymam
912 2643 1022 2730 potius
1034 2649 1229 2728 mitteretur,

170 2749 384 2827 laudabiliter,
413 2759 452 2813 ut
480 2749 594 2825 fertur,
625 2747 813 2832 efflagitans,
844 2769 909 2811 non
950 2748 1142 2833 impetravit.
1199 2751 1230 2814 Ο

170 2852 260 2915 durae
287 2851 416 2916 cervicis
447 2850 610 2914 hominem
636 2859 670 2913 et
698 2847 967 2932 incorrigibilem!
1028 2850 1058 2914 O
1087 2861 1230 2920 mentem

170 2953 339 3016 obstinatae
366 2952 498 3030 malitiae
522 2962 555 3016 et
576 2950 783 3036 pertinaciter
806 2949 1036 3017 inflexibilem!
1094 2953 1125 3016 Ο
1141 2954 1232 3017 dese.

169 3054 305 3124 rendum
315 3076 334 3117 a
343 3053 496 3132 Domino,
509 3076 606 3138 quem
618 3053 663 3116 sic
675 3051 794 3116 deseris
804 3045 821 3130 ;'
829 3062 862 3115 et
872 3051 976 3135 gratia
988 3052 1228 3141 destituendum

170 3179 266 3241 quem
292 3155 523 3239 ingratitudine
546 3153 727 3234 demereris.
782 3153 829 3216 Et
850 3163 888 3216 ut
906 3153 1012 3218 verbis
1035 3156 1228 3227 authenticis

170 3271 214 3335 te,
224 3258 312 3334 Rex,
324 3257 525 3335 conveniam3
543 3255 702 3340 numquid
710 3253 904 3340 percussisti,
917 3255 1023 3334 miser,
1032 3256 1143 3320 foedus
1151 3255 1227 3327 *cum

170 3370 283 3436 morte,
300 3360 422 3423 etcum
436 3358 563 3422 inferno
578 3368 709 3442 pactum
724 3356 828 3421 fecisti
844 3359 858 3420 i
904 3357 956 3420 Ne
972 3358 1086 3435 tardes,
1104 3368 1226 3443 quaeso,

170 3461 277 3525 venire
292 3460 333 3524 ad
347 3459 537 3536 Dominum,
549 3469 582 3522 et
597 3481 638 3522 ne
651 3457 779 3522 differas
794 3458 833 3520 de
850 3457 902 3520 die
917 3458 951 3520 in
967 3458 1062 3522 diem.
1109 3459 1226 3524 Subito

207 3658 400 3724 ¹Promiserat,
413 3657 472 3709 MS.
542 3659 545 3664 '
722 3653 837 3706 tributed
849 3653 899 3706 fort
918 3661 984 3707 -two
993 3654 1122 3707 thousand
1140 3655 1226 3713 marks

205 3726 265 3778 'ln
277 3727 321 3778 the
334 3743 394 3796 year
407 3728 476 3778 1182
488 3724 532 3776 the
545 3724 599 3776 Kin
630 3740 674 3776 asa
722 3722 752 3780 of
762 3722 887 3790 silver,an
914 3723 965 3774 five
975 3722 1092 3776 hundred
1104 3724 1190 3776 merlis
1200 3725 1230 3783 of

170 3795 287 3849 sembled
310 3812 327 3847 a
351 3793 452 3847 council
476 3803 503 3846 at
527 3740 672 3859 Waltham,
721 3790 791 3861 gold.
812 3791 1053 3863 Twysden,Script.
1066 3796 1127 3847 613.
1163 3792 1224 3862 But,

170 3866 209 3918 for
239 3864 284 3917 the
316 3881 426 3935 purpose
451 3863 480 3915 of
508 3861 673 3930 distributing
721 3859 841 3918 accordin
877 3869 904 3915 to
925 3861 970 3916 the
986 3861 1082 3917 Chron.
1098 3861 1224 3929 laudun,

169 3951 264 4004 money
282 3934 309 3986 in
338 3933 413 4004 picus
432 3949 500 4001 uses,
518 3931 581 3983 with
605 3930 673 3990 their¹
722 3932 740 3963 “
749 3929 799 3983 tric
807 3878 890 3983 millia
900 3947 1042 3988 marcarum
1052 3931 1229 3998 transmisisse

171 4021 341 4057 concurrencc
351 4003 401 4054 and
411 4001 539 4083 approval.
570 4001 673 4070 Among
722 4000 856 4055 refertur.”
875 4001 958 4070 Bouq.
971 4000 1007 4055 ib.
1020 4004 1079 4057 705.

171 4074 264 4139 others,
278 4073 322 4128 the
338 4072 488 4125 necessrtics
501 4071 530 4123 of
544 4070 589 4124 the
602 4069 673 4139 Holy
759 4073 770 4109 ³
789 4069 857 4123 Hatc
870 4070 935 4138 Rea,
950 4071 1008 4123 MS.

172 4143 215 4196 Cit
240 4143 339 4196 fomred
347 4159 395 4194 one
403 4141 432 4194 of
442 4140 485 4195 the
494 4140 566 4194 chief
575 4139 672 4206 objecta
758 4138 768 4168 ⁴
788 4139 844 4196 The
854 4141 936 4192 words
949 4141 978 4196 ol
988 4140 1184 4208 Themistocles,
1197 4159 1231 4204 us

171 4213 200 4265 of
209 4161 261 4265 this
270 4212 391 4266 rneetinv.
429 4210 470 4263 On
480 4210 532 4262 this
544 4209 672 4273 occasion,
724 4208 818 4278 quoted
831 4208 865 4278 by
879 4208 980 4261 Cicero.

169 4282 305 4357 according
318 4292 344 4334 to
357 4254 457 4345 diceto,
470 4280 514 4332 the
533 4278 604 4348 King
621 4278 673 4330 dis·
759 4279 769 4308 ⁵
789 4277 902 4345 Discere,
913 4279 971 4335 MS·
1019 4295 1023 4298 ’

1077 4371 1096 4412 F
