3000 5040
277 486 344 547 128
547 502 550 508 ’
589 499 772 551 oretenus
798 499 1030 552 cannuensis

277 649 415 714 Crucem
430 651 611 730 reddemus,
622 663 656 715 et
669 651 879 715 liberabimus
894 673 1004 714 omnes
1017 649 1216 713 Christianos
1235 651 1337 735 capti·

276 775 331 815 vos
354 753 411 836 qui
437 764 513 817 sunt
538 754 572 816 iu
595 765 664 817 tota
688 763 773 816 terra
798 762 917 829 nostra,
945 762 978 815 et
999 752 1225 836 permittemus
1244 750 1334 815 vobis

277 855 317 918 ad
343 855 549 939 sepulchrum
576 878 643 919 esse
668 877 770 918 unum
794 854 1001 929 sacerdotem,
1027 862 1059 915 et
1083 853 1254 917 reddemus
1280 855 1335 931 ab7

276 957 379 1021 batias
402 980 476 1041 quae
498 957 644 1020 solebant
669 979 736 1020 esse
760 951 917 1040 tempore
933 955 1127 1039 Paganismi,
1151 966 1184 1019 et
1212 957 1335 1019 bonum

278 1059 323 1123 eis
337 1060 501 1137 faciemus,
518 1071 552 1123 et
572 1058 795 1144 permittemus
809 1057 995 1142 peregrinos
1008 1058 1117 1121 venire
1136 1057 1171 1120 in
1187 1067 1256 1121 tota
1268 1058 1336 1122 vita

278 1172 397 1238 nostra,
427 1172 461 1225 et
487 1161 677 1224 habebimus
705 1159 868 1223 vobiscum
898 1181 1020 1242 pacem.
1067 1159 1166 1224 Quod
1195 1158 1222 1222 si
1249 1170 1336 1222 carta

279 1286 354 1347 quae
373 1263 414 1325 ad
436 1284 494 1325 nos
508 1261 596 1325 venit
617 1283 675 1346 per
697 1283 811 1323 manus
834 1259 971 1322 Henrici
993 1259 1161 1338 nominati,
1185 1260 1228 1323 sit
1249 1270 1335 1332 carta

279 1364 392 1447 Regis,
418 1363 602 1448 scripsimus
627 1372 746 1424 cartam
775 1361 869 1424 istam
899 1383 958 1446 pro
982 1384 1146 1446 responso,
1182 1371 1216 1424 et
1244 1361 1336 1424 Deus

279 1467 381 1549 erigat
394 1489 452 1529 nos
467 1465 508 1528 ad
522 1463 691 1528 consilium
706 1485 800 1526 suurn
816 1485 873 1525 sua
887 1463 1064 1527 voluntate.

323 1572 344 1602 “
356 1566 451 1630 Carta
464 1567 534 1630 haec
549 1566 666 1650 scripta
681 1564 746 1628 fuit
756 1587 838 1627 anno
848 1565 1003 1628 adventus
1015 1564 1217 1650 [Prophetae]
1235 1567 1335 1629 nostri

280 1669 463 1732 Mahumeti
479 1667 737 1752 quingentesimo
751 1676 785 1730 et
800 1687 942 1730 uxxxrv.
957 1668 1061 1750 gratia
1075 1668 1140 1730 Dei
1156 1667 1314 1731 Solius.'’1

324 1771 419 1835 Hanc
442 1771 620 1856 superbiet
642 1770 780 1833 infidelis
802 1771 929 1854 tyranni
952 1771 1129 1855 epistolam,
1146 1795 1220 1834 cum
1242 1773 1336 1857 nugis

280 1873 357 1950 suis,
381 1872 569 1956 magnificus
593 1871 773 1955 Imperator
801 1882 1020 1949 contemnens,
1051 1873 1162 1956 dignas
1191 1874 1338 1959 principe

280 1974 342 2036 iras
364 1974 521 2058 concepit,
538 1982 571 2035 et
585 1973 626 2035 ad
645 1972 731 2035 bella
745 1973 823 2036 totis
845 1973 1014 2036 affectibus
1028 1974 1190 2038 ardescit}
1235 1975 1337 2061 Cujus

281 2085 315 2137 et
329 2097 387 2138 nos
404 2075 467 2138 iter
480 2074 670 2157 itinerisque
690 2073 815 2138 labores
830 2085 864 2138 et
878 2075 1094 2153 difficultates,
1111 2099 1266 2161 casusque
1288 2101 1339 2140 se-

280 2177 401 2240 cundos
437 2186 471 2240 et
506 2198 643 2261 asperos
675 2176 784 2239 exitus
823 2199 953 2260 quoque
990 2177 1222 2256 lamentabiles,
1253 2180 1339 2243 sicut

280 2278 431 2342 historica
453 2278 587 2342 veritate
622 2288 698 2342 sunt
727 2277 909 2362 explanata,
939 2278 1171 2363 luculentoque
1200 2281 1274 2343 stilo
1303 2292 1337 2344 et

281 2380 388 2444 studio
404 2379 658 2462 exquisitissimo
675 2390 817 2457 exarata,
833 2380 967 2464 dignum
991 2380 1143 2443 duximus
1167 2376 1336 2446 declarare.

281 2481 330 2545 Ut
344 2492 453 2544 autem
474 2481 600 2566 plenius
621 2482 682 2544 hoe
698 2491 731 2544 et
746 2481 917 2545 dilucidius
940 2482 1130 2560 innotescat,
1147 2484 1187 2546 ab
1206 2483 1256 2546 his
1277 2485 1335 2567 qui

281 2585 320 2648 de
336 2583 473 2646 transitu
487 2584 631 2668 ejusdem
652 2606 710 2668 per
725 2583 903 2669 Ungariam
920 2584 1168 2669 anticipavimus
1184 2595 1217 2650 et
1238 2587 1337 2670 paulo

280 2687 433 2754 remotius
449 2685 622 2750 ordiemur.

709 2959 790 3024 Car.
808 2957 914 3045 XIX.

285 3111 434 3181 Qualiter
448 3114 627 3198 Imperator
642 3137 705 3198 per
727 3115 899 3199 Uayare'am
914 3121 976 3180 iter
985 3121 1134 3204 arripuit,
1148 3130 1179 3182 et
1192 3119 1339 3184 Danubio

310 3275 313 3282 ,
405 3216 538 3276 transito
551 3237 616 3297 per
634 3217 665 3278 V
660 3216 818 3299 alyare'am
834 3219 868 3280 e'a
882 3219 1104 3283 Macedoniam
1119 3224 1217 3285 oeae't.

328 3381 502 3446 Causarum
527 3383 636 3466 itaque
663 3383 764 3447 totius
800 3383 928 3468 imperii
953 3396 1135 3469 sequuntur
1162 3396 1337 3470 magnates

120 3462 154 3490 ω’
167 3461 204 3558 11⁸⁸,
286 3495 319 3549 et
338 3485 425 3569 apud
447 3485 663 3568 Moguntiam,
680 3485 737 3548 ubi
752 3508 795 3548 ex
817 3486 921 3550 edicto
943 3487 1101 3571 imperiali
1115 3500 1339 3565 convenerant,

154 3612 187 3689 ee
221 3576 225 3586 ’
286 3609 351 3651 una
379 3608 489 3648 omnes
512 3598 546 3650 et
573 3587 767 3651 unanimiter
789 3609 898 3651 omnes
927 3588 960 3651 in
983 3599 1095 3652 votum
1119 3599 1183 3653 tam
1207 3590 1337 3652 eximiae

201 3727 207 3740 ·
284 3688 551 3773 peregrinationis
565 3688 788 3772 proclamant,³
803 3688 867 3753 “A
882 3689 1025 3754 Domino
1040 3691 1162 3754 factum
1177 3700 1225 3753 est
1239 3690 1337 3766 istud,

321 3861 328 3892 ¹
346 3861 409 3912 This
418 3860 494 3912 letter
503 3860 639 3912 concludes
649 3861 784 3913 inemuch
870 3861 881 3892 ³
900 3861 956 3913 The
968 3862 1056 3914 Abbot
1066 3862 1096 3914 of
1110 3860 1275 3930 Coggeshele,
1295 3861 1339 3913 de-

285 3948 356 3983 more
375 3929 492 3982 Oriente}
511 3930 561 4010 end
581 3929 682 3982 tedious
710 3930 784 4000 style,
836 3930 950 3999 scribing
967 3931 1011 3983 the
1028 3931 1187 3984 enthusiasm
1206 3930 1241 4000 by
1253 3931 1337 3983 which

285 3999 513 4140 tellas?
532 3999 789 4135 hltllmttttt
836 3999 1338 4138 tlllttttlthtllallltlff

285 4157 314 4190 as
330 4140 350 4190 it
370 4139 485 4218 contains
505 4137 613 4207 nothing
633 4139 662 4189 of
680 4138 785 4190 interest
805 4192 806 4196 ,
835 4138 886 4190 and
908 4139 1034 4209 throwing
1055 4139 1126 4192 oside
1147 4138 1191 4190 the
1208 4139 1272 4191 cowl
1293 4138 1337 4190 de-

285 4207 603 4329 mirelltdridlffriidbstceili'
638 4276 717 4329 From
745 4277 785 4330 De
835 4208 1128 4346 iidioellriideiieekcadllid¹
1145 4207 1225 4347 subdi,
1241 4205 1338 4330 iliimhis

286 4344 419 4411 Vmesauf,
432 4363 457 4414 p.
471 4347 530 4398 260.
835 4347 923 4400 march
942 4347 1051 4417 through
1068 4348 1194 4416 Hungary
1207 4346 1257 4400 end
1271 4346 1339 4400 Oon·
