3000 5040
425 485 474 534 DE
498 484 766 537 INSTRUCTIONE
791 486 1006 540 PRINCIPUM·
1182 477 1242 538 113

184 633 272 716 pacis
284 634 473 719 patientiam
484 637 678 716 deseruerat,
695 638 915 704 succumbere¹
932 637 1155 723 proculdubio,
1170 661 1244 723 pec·

184 735 264 797 catis
276 736 372 800 etiam
387 739 588 822 urgentibus,
598 761 727 803 necesse
741 738 848 803 fuerat
863 749 897 802 et
907 739 1053 803 deficere.
1083 737 1176 802 Circa
1187 762 1244 803 ex·

187 846 289 900 trema
314 859 444 923 quoque
466 841 557 922 regni
577 839 628 903 sui
654 850 808 924 tempora,
834 841 972 904 duorum
997 841 1145 904 ordinum
1168 841 1242 905 viris

184 939 414 1022 praedictorum
422 941 463 1003 ad
471 941 688 1004 redimendam
698 941 814 1004 famam
827 964 928 1019 suam,
940 943 1017 1027 quia
1029 941 1140 1006 multis
1148 953 1243 1006 antea

185 1038 316 1124 indigne
331 1042 521 1120 contulerat,
536 1043 611 1126 plus
631 1043 792 1126 opinionis
811 1066 918 1108 amore
938 1066 1034 1128 quam
1052 1043 1251 1121 devotionis,

173 1143 276 1206 sedes
305 1144 380 1208 dare
410 1144 606 1208 cathedrales
644 1145 854 1230 disposuerat.
914 1146 1035 1210 Ascitis
1070 1146 1171 1230 igitur
1208 1158 1241 1211 et

185 1244 345 1329 adjunctis
372 1247 413 1310 ad
439 1245 540 1309 latera
568 1268 625 1310 sua
653 1246 781 1310 duobus
808 1248 883 1324 illis,
908 1270 989 1332 quos
1018 1258 1178 1311 creaverat
1206 1258 1240 1313 et

185 1345 423 1432 aliquantulum
453 1370 472 1410 a
494 1347 609 1424 turbis,
635 1347 719 1412 sicut
747 1349 846 1411 moris
873 1349 1023 1426 habebat,
1047 1371 1080 1412 se
1106 1348 1211 1412 transf
1226 1386 1240 1399 -

186 1449 297 1527 rendo,
312 1472 356 1513 ex
368 1449 572 1513 vehementia
586 1449 703 1512 doloris
718 1460 751 1514 et
765 1450 938 1515 anxietatis
952 1451 1108 1514 alienatus
1123 1450 1241 1528 animo,

186 1549 221 1611 in
259 1551 367 1634 turpia
405 1551 592 1636 hujusmodi
631 1561 664 1614 et
701 1552 887 1636 apostatica,
924 1551 1131 1616 audientibus
1165 1551 1240 1628 illis,

163 1652 285 1715 ·verba
312 1653 481 1736 prorupit:
514 1652 617 1716 “Cur
645 1653 751 1737 erg0,”
778 1653 896 1736 inquit,
924 1653 1121 1717 “Christum
1147 1674 1241 1716 vene-

188 1755 298 1816 rarer?
342 1753 409 1816 Cur
430 1754 522 1817 illum
545 1755 701 1818 honorare
724 1755 880 1840 dignarer,
905 1756 962 1840 qui
986 1755 1065 1819 mihi
1089 1756 1241 1818 honorem

189 1855 224 1917 in
239 1855 331 1918 terris
346 1856 462 1934 aufert,
479 1867 512 1919 et
526 1879 584 1941 per
598 1857 779 1941 garcionem
795 1858 965 1940 quemdam
976 1857 1030 1941 (ad
1045 1857 1242 1921 Francorum

189 1956 222 2018 id
249 1956 374 2040 Regem
402 1957 555 2041 referens)
581 1982 633 2022 me
659 1959 814 2023 confundi
840 1972 906 2023 tam
932 1959 1143 2042 ignominiose
1171 1981 1244 2043 per·

188 2058 335 2122 mittit!’‘
358 2071 392 2123 et
413 2070 538 2138 cetera3
562 2060 681 2143 quibus
703 2084 744 2124 ne
766 2062 929 2125 memoriae
945 2061 1106 2125 refricatio
1119 2060 1244 2124 facinus

187 2169 284 2244 atque
312 2161 542 2246 blasphemiam
571 2162 708 2245 posteris
736 2162 776 2225 ad
805 2173 946 2226 mentem
974 2173 1110 2238 revocet,
1135 2185 1248 2246 super·

186 2263 297 2326 sedere
320 2263 428 2346 potius
452 2285 548 2346 quam
574 2263 723 2346 paginam
745 2273 888 2325 nostram
911 2263 1151 2338 commaculare,
1176 2264 1246 2345 dig-

187 2386 266 2425 num
296 2363 461 2426 duximus.
521 2362 604 2426 Cum
639 2363 740 2447 igitur
775 2364 845 2426 haec
875 2372 909 2426 et
937 2361 1062 2439 similia,
1092 2373 1245 2446 tanquam

186 2465 345 2526 bonorum
369 2473 551 2527 nostrorum
576 2463 723 2547 indigens
744 2475 827 2527 esset
850 2463 1021 2539 Dominus,
1045 2463 1168 2526 diutius
1195 2463 1246 2527 in-

188 2564 390 2649 geminasset,
406 2563 631 2628 consolationis
650 2565 781 2628 omnino
794 2565 891 2628 verba
911 2586 1066 2649 respuens
1081 2574 1115 2628 et
1131 2565 1248 2628 confir-

188 2666 348 2743 mationis,
384 2666 509 2729 monito
545 2666 720 2729 calcaribus
762 2689 857 2750 equo,
894 2676 1048 2750 tunquam
1084 2675 1177 2729 extra
1211 2689 1245 2730 se

188 2769 304 2846 factus,
334 2769 376 2831 ad
403 2768 514 2832 turbas
541 2768 660 2832 iterum
697 2768 737 2832 ab
771 2768 848 2853 ipsis
878 2767 967 2831 ocius
1003 2790 1036 2830 se
1071 2768 1244 2853 proripuit.

190 2870 299 2936 Quam
318 2870 413 2955 longe
428 2893 482 2933 cor
502 2869 642 2933 hominis
663 2870 762 2956 hujus
777 2892 796 2934 a
810 2869 952 2934 Domino
967 2869 1117 2947 distabat,
1133 2892 1247 2953 quam-

190 2994 255 3055 que
271 2972 377 3056 dispar
391 2982 425 3036 et
439 2971 592 3038 dissimile
615 2982 724 3036 sancto
737 2973 760 3036 J
761 2973 803 3036 ob
824 2973 858 3035 in
880 2970 1149 3056 patientia—qui
1172 2982 1246 3057 post

189 3083 295 3139 tantas
319 3073 559 3159 persecutiones
588 3085 622 3138 et
644 3084 704 3152 tot,
732 3073 961 3158 improperanti
989 3073 1085 3136 uxori
1115 3095 1182 3138 suae
1212 3084 1245 3138 et

190 3175 321 3252 dicenti,
350 3175 463 3238 Adhuc
500 3178 534 3238 in
570 3174 779 3260 simplicitate
806 3185 862 3238 tua
892 3176 1062 3259 persistis?
1103 3175 1246 3240 Benedia

189 3281 323 3342 Domino
354 3288 385 3342 et
414 3285 557 3344 morere!
584 3280 760 3364 respondit,
794 3280 958 3363 Tanquam
984 3301 1048 3341 una
1073 3279 1111 3342 de
1138 3279 1246 3344 stultis

188 3379 368 3443 mulieribus
380 3382 484 3444 locutu
497 3404 539 3444 es.
595 3383 633 3445 Si
648 3383 726 3444 bona
740 3382 928 3464 suscepimus
943 3379 981 3441 de
994 3401 1088 3442 manu
1101 3381 1243 3457 Domini,

189 3481 273 3544 mala
285 3503 405 3566 quoque
419 3504 472 3544 cur
489 3504 549 3544 non
563 3482 791 3545 sustineamus?
836 3480 883 3543 Et
894 3481 1130 3562 subsequenter
1145 3481 1244 3565 scrip-

189 3594 261 3646 tum
286 3593 345 3657 est,
374 3582 423 3644 In
439 3582 490 3645 die
512 3584 654 3646 bonorum
676 3604 714 3644 ne
736 3584 891 3644 immemor
912 3582 956 3642 sis
977 3581 1137 3656 malorum,
1153 3589 1185 3642 et
1209 3582 1243 3642 in

190 3685 240 3747 die
261 3685 411 3747 maurum
430 3705 468 3746 ne
483 3685 638 3746 immemor
658 3685 702 3744 sis
724 3683 876 3745 bonorum.
921 3682 963 3744 Iu
987 3681 1123 3743 omnibus
1145 3682 1243 3764 ipitur

188 3788 238 3850 lis
249 3807 308 3850 nou
317 3788 464 3869 peccauit
474 3786 531 3848 Job
547 3785 639 3848 labiis
652 3786 727 3861 suis,
739 3806 795 3846 neo
809 3782 937 3846 stultum
952 3782 1120 3867 quidquam
1136 3792 1244 3845 contra

190 3891 292 3952 Deum
308 3889 426 3952 locutus
441 3897 496 3952 est.
542 3886 634 3953 Quin
649 3888 758 3963 immo,
773 3895 847 3970 post
861 3883 1009 3948 universa
1023 3883 1149 3967 flagella
1163 3883 1245 3947 illud

190 4000 289 4053 tantae
311 3989 387 4053 fidei
407 3991 540 4053 verbum
570 3989 687 4066 emisit,
711 3987 851 4051 Etiamsi
880 3985 1030 4048 occiderit
1058 4007 1115 4062 me,
1143 3994 1243 4048 tamen

189 4095 221 4154 in
236 4091 311 4176 Ipso
325 4091 463 4175 sperabo.
509 4090 606 4154 Unde
623 4089 848 4174 Augustinus:
864 4092 895 4124 ‘⁴‘
906 4086 994 4153 Quia
1007 4097 1140 4172 propter
1154 4087 1244 4151 futu-

188 4215 260 4256 rum
276 4193 432 4271 seculum,
447 4204 480 4256 et
494 4215 558 4256 non
573 4215 726 4277 praesens,
737 4189 911 4254 Christiani
927 4211 1048 4266 sumus,
1065 4189 1147 4266 Deo,
1164 4213 1244 4274 quo·

472 4318 478 4348 ¹
497 4318 539 4371 i.e.
552 4336 567 4371 a
579 4316 765 4372 consuetudine
774 4312 973 4383 cessaveratib.

1103 4422 1114 4466 l
