3000 5040
268 486 331 548 ‘144
573 497 756 548 mantuus
781 494 1006 546 camoranam
1085 489 1087 495 ’

268 647 409 712 delatum
432 646 557 723 fuisset,
573 658 611 709 ut
634 657 703 709 erat
724 646 914 728 arrogantiae
929 645 1038 708 nimiae
1054 656 1087 708 et
1112 646 1323 712 animositatis

267 749 443 824 immensae,
459 749 493 811 in
518 748 682 811 audientia
705 770 836 810 suorum
859 746 972 823 multa,
987 748 1121 810 verbum
1144 747 1204 811 hoc
1230 751 1323 813 emit-

268 863 349 928 tens,
375 850 472 913 “Per
504 850 679 933 gorgiam,’'
706 849 825 932 inquit,
855 848 998 911 “Deir”
1022 847 1189 932 (quoniam
1214 851 1265 914 bis
1289 863 1323 915 et

268 952 426 1016 similibus
450 951 653 1014 sacramentis
674 950 859 1012 enormibus
884 950 934 1012 uti
956 949 1061 1032 solet,)
1086 951 1143 1013 “si
1157 952 1324 1017 castellum

268 1054 349 1117 illud
365 1064 469 1116 totum
485 1053 524 1115 de
540 1051 659 1135 butyro
673 1051 768 1126 foret,
785 1051 904 1113 nedum
919 1050 1060 1114 ferreum
1075 1051 1126 1115 vel
1147 1051 1322 1136 lapideum,

267 1155 349 1218 illud
372 1156 412 1218 ab
439 1155 510 1238 ipso
524 1153 711 1236 viribusque
732 1152 798 1214 suis
821 1152 909 1229 totis,
924 1175 975 1215 me
990 1153 1093 1216 valide
1117 1153 1324 1218 defensurum

269 1258 390 1339 absque
413 1255 512 1318 dubio
535 1276 601 1316 non
624 1252 831 1317 diffiderem.'’
876 1253 941 1316 Sed
964 1254 1118 1337 quoniam
1144 1254 1209 1318 Dei
1232 1257 1325 1320 auxi-

269 1359 348 1423 lium
363 1358 551 1437 huicverbo
571 1366 636 1418 tam
651 1355 803 1419 insolenti
817 1377 876 1418 nec
892 1356 1031 1439 expetiit
1045 1378 1104 1419 nec
1120 1358 1252 1441 optavit,
1270 1358 1326 1421 sed

270 1471 423 1542 tanquam
437 1457 568 1520 brachio
584 1480 653 1533 suo,
669 1456 857 1540 viribusque
872 1457 936 1520 suis
952 1457 1037 1535 solis,
1054 1469 1154 1522 totam
1169 1459 1325 1522 ascribere

271 1561 487 1624 defensionem
504 1569 623 1622 temere
638 1559 890 1642 praesumpserit,
903 1569 1012 1621 contra
1023 1560 1217 1623 desiderium
1231 1583 1327 1623 suum

272 1674 305 1725 et
327 1662 473 1725 elationis
497 1660 673 1744 eloquium,
696 1660 807 1745 paucis
829 1659 966 1723 evolutis
991 1662 1196 1745 postmodum
1226 1663 1326 1739 annis,

273 1763 365 1846 Rege
382 1763 533 1847 Philippo
542 1762 736 1846 praevalente
749 1772 783 1824 et
794 1762 916 1824 dictum
925 1763 1138 1847 municipium
1151 1763 1327 1839 obtinente,

272 1887 322 1926 res
334 1865 464 1927 evenit.¹

317 1965 365 2028 Ut
384 1976 491 2029 autem
514 1966 700 2050 exemplum
714 1988 804 2029 casus
818 1966 905 2029 baud
920 1967 1081 2030 dissimilis
1095 1968 1147 2030 hic
1160 1988 1329 2052 ponamus,

275 2066 448 2129 clausulam
479 2068 639 2150 quandam
662 2068 701 2131 de
724 2068 893 2131 Itinerario
913 2080 1022 2132 nostro
1048 2079 1208 2154 sumptam
1230 2069 1330 2131 inter·

275 2180 581 2252 sererepraeterrem
589 2193 654 2232 non
662 2171 856 2254 putavimus
883 2169 915 2232 A
928 2171 1089 2235 Meneviae
1099 2194 1174 2235 vero
1183 2171 1334 2255 rupibus,-

276 2292 388 2333 sereno
403 2279 558 2355 tempore,
579 2281 704 2334 montes
719 2271 900 2355 Hyberniae
916 2272 1056 2356 prospici
1073 2283 1208 2357 possunt
1222 2297 1229 2348 ;
1252 2271 1333 2335 mari

277 2372 465 2457 Hybernico
495 2385 611 2452 tamen,
641 2397 707 2438 uno
736 2375 947 2438 contractorie
978 2375 1237 2458 transnavigabili
1268 2374 1332 2448 die,

276 2475 496 2560 interjacente.
542 2476 638 2539 Unde
653 2476 861 2554 Willielmus,
877 2476 1048 2540 Willielmi
1063 2477 1164 2560 Regis
1184 2475 1332 2540 Bastardi

276 2577 373 2654 filius,
397 2589 431 2640 et
448 2578 709 2641 Normannorum
724 2578 758 2640 in
774 2577 893 2661 Anglia
908 2578 986 2640 Rex
999 2579 1169 2655 secundus,
1184 2578 1240 2662 qui
1257 2577 1334 2640 Rex

277 2679 398 2743 Ruffus
410 2689 459 2742 est
472 2680 704 2763 agnominatus
721 2679 911 2742 Kambriam
922 2701 981 2742 suo
992 2680 1027 2742 in
1036 2690 1180 2764 tempore
1192 2679 1334 2743 animose

278 2791 449 2866 penetrans
472 2792 506 2845 et
528 2781 737 2859 circumdans,
754 2804 827 2844 cum
850 2803 869 2842 a
891 2781 1027 2865 rupibus
1047 2781 1117 2844 istis
1133 2781 1335 2864 Hybemiam

279 2884 363 2947 forte
374 2884 580 2968 prospiceret,
591 2883 711 2946 dixisse
720 2891 934 2947 memoratur:
952 2887 973 2917 “
984 2881 1038 2944 Ad
1048 2892 1165 2946 terram
1174 2883 1269 2946 istam
1278 2903 1338 2944 ex-

280 2986 495 3069 pugnandam,
511 3003 554 3046 ex
575 2984 709 3047 navibus
724 2984 814 3066 regni
828 2984 893 3047 mei
911 2983 975 3046 huc
997 2983 1187 3060 convocatis,
1201 2993 1336 3068 pontem

281 3087 321 3149 ad
332 3087 401 3149 haec
411 3086 555 3148 faciam.’'
584 3085 661 3151 Quo
672 3085 769 3148 verbo
782 3085 822 3147 ad
832 3085 991 3148 Murdhac
1007 3085 1171 3148 dominum
1182 3084 1335 3167 Lageniae

282 3199 358 3251 tunc
367 3187 556 3271 principem,
567 3186 821 3269 inHyberniam,
831 3187 914 3248 forte
924 3186 1088 3263 translato,
1098 3209 1171 3248 cum
1182 3186 1339 3270 aliquam-

283 3289 340 3351 diu
358 3287 548 3372 propensius
562 3287 637 3350 inde
652 3287 832 3369 cogitasset,
848 3287 952 3350 fertur
966 3287 1186 3370 respondisse:
1211 3287 1339 3350 “Nun-

284 3392 363 3474 quid
378 3400 477 3453 tantae
493 3388 748 3452 comminationis
758 3389 856 3452 verbo
865 3387 942 3452 Rex
954 3387 1009 3451 ille
1020 3393 1028 3422 ‘
1041 3389 1068 3451 si
1078 3389 1152 3452 Deo
1167 3386 1338 3473 placuerit’

284 3493 401 3577 adjecit
413 3495 425 3555 2
435 3491 451 3517 ”
483 3490 609 3554 Audito
624 3513 791 3575 nunquam
805 3489 904 3553 ullam
920 3512 1051 3574 prorsus
1065 3491 1130 3554 Dei
1141 3489 1339 3554 mentionem

283 3595 319 3658 in
342 3595 403 3657 hoc
424 3617 481 3657 suo
506 3594 584 3658 Rex
607 3615 751 3656 sermone
776 3592 915 3670 fecisset,
946 3603 1100 3676 tanquam
1133 3589 1338 3676 prognostico

285 3697 426 3782 gaudens
447 3695 640 3759 certissimo:
664 3699 686 3731 “
701 3694 895 3772 Quoniam,”
919 3693 1038 3778 inquit,
1062 3694 1190 3757 “homo
1215 3693 1276 3757 iste
1300 3691 1338 3753 de

285 3800 425 3863 humana
449 3809 513 3862 tam
529 3797 831 3882 confidit‘potentia,
850 3819 917 3859 non
940 3795 1057 3872 divina,
1073 3797 1143 3880 ejus
1167 3795 1340 3860 adventum

286 3925 350 3964 non
365 3900 534 3964 formido.”

331 4002 387 4065 Ad
409 4002 575 4065 cumulum
597 4012 706 4064 autem
729 4001 833 4064 laudis
856 4010 889 4064 et
924 3999 1036 4084 gloriae
1069 3997 1276 4080 fortunaeque
1305 3995 1342 4064 in

288 4114 452 4188 posterum
468 4100 616 4167 secunda}
630 4103 752 4166 futurae
768 4101 846 4164 dicti
859 4100 1004 4184 Philippi
1016 4099 1117 4182 Regis
1132 4099 1343 4174 Francorum,

288 4205 369 4268 illud
383 4205 525 4281 accessit,
541 4205 627 4288 quod
642 4204 748 4287 ipsum
763 4204 797 4265 in
811 4203 915 4265 lucem
931 4201 1082 4265 emissum
1097 4201 1208 4286 etjam
1219 4209 1342 4275 natum,

728 4343 735 4372 ¹
753 4359 806 4397 mn.
828 4345 905 4396 1204.
