3000 5040
276 469 338 540 178
588 487 771 540 ammons
796 487 1022 540 crunnnnsm

223 714 229 733 ἢ
273 658 371 722 quem
392 635 516 701 faciunt
537 636 640 700 aliena
664 638 808 722 pericula
829 648 971 704 cautum.
1018 637 1192 717 Quoniam,
1216 649 1255 702 ut
1280 639 1327 703 ait

272 739 428 816 Evodius,
450 739 544 803 ruina
571 741 823 824 praecedentium
851 752 996 826 posteros
1021 743 1124 819 docet,
1156 752 1190 806 et
1214 741 1321 805 cautio

272 851 322 905 est
336 863 461 925 semper
474 841 509 904 in
523 841 696 926 reliquum,
711 841 819 926 lapsus
834 844 986 906 anterior.

315 941 478 1006 Libellum
491 941 601 1027 itaque
618 943 656 1006 de
673 943 831 1029 Principis
854 944 1072 1008 Instructione
1099 944 1219 1008 totiens
1239 968 1326 1030 prae-

270 1044 413 1121 missum,
428 1055 537 1107 nostra
554 1045 729 1129 diligentia,
752 1056 851 1130 prout
872 1045 907 1109 in
928 1055 1018 1110 tanta
1036 1055 1194 1109 terrarum
1216 1047 1326 1110 turba-

270 1145 359 1210 tione
395 1154 549 1230 tantaque
586 1145 738 1231 temporis
778 1156 971 1231 tempestate
1011 1147 1130 1231 potuit,
1169 1149 1323 1213 exaravit.

270 1245 435 1331 Plangunt
449 1247 568 1311 etenim
581 1269 739 1332 proceres,
754 1247 916 1332 suspirant
930 1248 1108 1333 pontifices,
1124 1249 1226 1333 luget,
1237 1250 1320 1333 proh

269 1349 379 1415 dolorl
412 1349 544 1414 ecclesia
580 1349 665 1427 Dei;
701 1372 767 1413 non
795 1349 900 1414 solum
929 1349 1083 1414 exteriori
1109 1351 1317 1434 possessione,

267 1452 501 1517 verumetiam
524 1451 686 1529 calicibus,
714 1452 825 1528 textis,
854 1452 1025 1528 crucifixis,
1052 1452 1259 1536 phylacteriis
1289 1463 1323 1518 et

268 1553 463 1618 ornamentis
482 1554 521 1617 ab
543 1553 678 1638 antiquo
693 1554 733 1617 ad
748 1553 868 1617 Christi
883 1553 987 1618 solum
1004 1554 1160 1638 obsequia
1176 1554 1320 1619 fidelium

268 1654 438 1737 largitione
457 1655 591 1733 collatis,
607 1666 762 1741 tanquam
782 1657 937 1741 paganica
958 1657 1048 1720 rabie
1073 1657 1233 1742 spoliata.¹
1277 1659 1323 1723 Et

271 1768 309 1820 ut
321 1758 411 1822 brevi
432 1757 562 1842 eloquio
576 1758 678 1822 nostri
698 1759 862 1844 temporis,
877 1758 976 1822 immo
991 1759 1201 1842 tempestatis,
1219 1760 1324 1824 forma

269 1859 477 1936 describatur,
488 1870 580 1923 vacat
604 1859 655 1923 his
670 1859 785 1923 diebus
798 1860 988 1944 potentibus
1004 1861 1196 1945 opprimere,
1206 1861 1323 1945 priori·

268 1961 331 2024 bus
344 1984 467 2046 rapere,
482 1961 614 2047 privatis
639 1963 786 2046 prodere,
800 1962 923 2025 miseris
947 1963 1036 2026 flere.
1082 1962 1221 2047 Propter
1243 1964 1324 2027 duo·

267 2083 341 2128 rum
369 2063 490 2126 etenim
516 2063 683 2127 hominum
711 2062 864 2128 invidiam
893 2064 958 2128 duo
991 2087 1090 2148 regna
1114 2065 1236 2149 rapinis
1270 2065 1321 2128 in-

267 2163 410 2228 numeris
427 2173 462 2228 et
479 2164 633 2228 inauditis
655 2163 879 2230 exactionibus
903 2176 1122 2250 exponuntur.
1168 2165 1320 2233 Qualiter

269 2275 378 2329 autem
391 2276 425 2329 et
437 2289 495 2350 per
509 2289 606 2350 quem
618 2265 690 2329 haec
708 2277 822 2331 exorta
845 2267 946 2332 fuerit
970 2267 1100 2345 invidie,
1116 2268 1202 2332 unde
1226 2279 1317 2333 tanta

269 2379 303 2432 et
331 2379 397 2432 tam
425 2368 634 2432 inexorabilis
663 2369 749 2432 inter
784 2392 916 2454 magnos
943 2379 1030 2433 mota
1065 2379 1115 2434 est
1151 2368 1317 2449 discordia,

267 2490 326 2552 per
338 2490 435 2551 quem
447 2466 544 2530 etiam
559 2476 643 2530 terra
657 2478 766 2532 sancta
776 2478 898 2531 cassato
911 2467 1057 2531 fidelium
1065 2468 1175 2531 labore
1189 2491 1255 2531 non
1269 2492 1321 2532 re-

269 2579 430 2653 cuperata,
442 2577 476 2632 et
491 2591 588 2653 quem
602 2568 906 2633 finalitereffectum
913 2568 985 2632 haec
994 2569 1158 2632 contentio
1172 2568 1215 2632 sit
1228 2569 1321 2633 habi-

269 2681 352 2749 tura,
376 2693 474 2754 quem
495 2671 605 2736 etiam²
627 2669 754 2734 exitum
777 2669 995 2734 Normannica
1018 2670 1149 2754 Regum
1173 2672 1323 2756 prosapia

269 2772 334 2836 sive
343 2782 514 2856 superstes,
526 2773 591 2836 sive
605 2773 727 2849 sutura,
743 2771 897 2856 consequi
912 2772 1037 2849 debeat,
1053 2773 1160 2858 ampla
1174 2774 1321 2838 currendi

268 2875 359 2939 novis
393 2874 553 2938 historicis
589 2897 664 2939 area
698 2884 797 2958 patet.
857 2873 1007 2940 Qualiter
1043 2873 1141 2938 etiam
1177 2875 1321 2939 catulum

268 2977 480 3060 tyrannicum,
497 2975 725 3039 cruentissimis
740 2998 759 3039 a
773 2974 917 3060 tyrannis
930 2975 1139 3059 parentaliter
1155 2987 1318 3052 exortum,

267 3079 439 3164 ipsumque
465 3088 674 3162 tyrannorum
705 3077 848 3140 omnium
877 3077 1148 3161 tyrannissimum,
1177 3077 1321 3142 felicium

269 3191 303 3242 et
313 3179 507 3242 naturalium
520 3177 603 3242 felix
616 3178 765 3262 prosapia
779 3178 920 3261 Regum,
937 3200 1075 3261 quorum
1089 3179 1149 3242 sub
1164 3179 1320 3263 regimine

265 3278 366 3360 justo,
389 3275 608 3358 regnandique
629 3274 845 3338 moderamine
862 3275 928 3359 pio,
953 3276 1013 3339 sub
1036 3275 1210 3360 tranquillo
1233 3275 1321 3360 pacis

269 3400 305 3441 ac
319 3376 477 3440 libertatis
491 3376 619 3461 gaudio,
635 3375 779 3440 Franciae
795 3375 925 3460 quidem
942 3386 1007 3440 tam
1020 3398 1157 3460 regnum
1175 3376 1322 3448 floruisse

269 3479 445 3544 dinoscitur
467 3499 564 3562 quam
586 3477 809 3554 sacerdotium,
830 3477 937 3542 divina
963 3477 1173 3562 dispositione
1202 3479 1323 3564 pariter

270 3594 303 3646 et
317 3581 440 3645 ultione
451 3580 567 3645 nostris
575 3579 831 3645 victoriosissime
843 3580 956 3645 diebus
968 3579 1177 3665 triumphare,
1192 3579 1323 3663 duoque

269 3705 368 3768 regna
386 3683 437 3747 vel
461 3682 523 3746 tria
537 3681 598 3745 sub
623 3681 717 3746 unica
738 3681 921 3745 monarchia
942 3681 1164 3766 potentissime
1190 3681 1324 3763 conglu-

269 3784 382 3850 tinare.
428 3783 641 3867 Qualiterqne
667 3793 742 3868 post
765 3793 831 3846 tam
853 3781 967 3846 nubila
990 3792 1136 3868 tempora
1157 3793 1325 3867 tantaeque

268 3886 438 3971 potestatis
450 3885 629 3969 ingruentis
642 3885 854 3962 incommoda,
871 3884 1001 3948 demum
1017 3907 1117 3968 regno
1127 3884 1323 3968 Anglicano,

269 3988 370 4072 pulsis
385 3987 525 4051 nubibus
548 3997 582 4050 et
595 3986 733 4063 nebulis,
749 3985 816 4050 dies
831 4007 962 4048 serenus
983 3985 1107 4062 illuxit,
1124 3985 1323 4069 occiduaque

269 4088 382 4153 mundi
418 4089 554 4167 climata,
582 4090 642 4154 sub
678 4087 811 4152 insulari
847 4087 1016 4172 tyrannide
1051 4097 1142 4152 tanto
1180 4098 1325 4170 ternpore

307 4264 315 4294 ¹
334 4262 386 4315 For
398 4261 534 4316 Richard's
546 4278 655 4315 ransom.
794 4261 801 4332 Ι
868 4261 878 4291 ⁹
895 4260 942 4314 Bis
954 4261 981 4314 in
994 4261 1052 4316 MS.
