3000 5040
434 493 483 542 un
507 487 776 543 inserebamus
802 491 1015 543 narremur.
1215 481 1255 544 99

198 643 322 704 minum
333 641 525 726 praedictum
538 658 570 706 se
585 642 807 726 praeparando,
818 665 875 704 seu
883 652 957 725 post
970 642 1033 704 iter
1043 653 1254 727 assumptum,

198 744 249 807 vel
271 744 305 807 in
330 744 436 806 eundo
450 744 501 808 vel
523 743 686 807 redeundo
709 745 945 828 perturbarent,
961 744 1012 807 vel
1036 753 1135 807 terras
1160 745 1256 809 etiam

198 846 343 929 ipsorum
363 844 493 907 interim
518 845 664 928 qualibet
682 845 888 908 infestatione
911 844 1127 909 molestarent.
1173 846 1256 910 Haec

199 957 307 1009 autem
322 946 491 1022 sententia,
507 946 628 1008 ibidem
643 946 726 1023 data,
742 945 948 1030 postmodum
971 968 990 1007 a
1010 967 1134 1008 summo
1150 947 1257 1030 ponti·

198 1047 259 1111 fice
271 1046 374 1110 Lucio
389 1056 423 1109 et
438 1047 477 1109 ab
494 1046 665 1109 universali
681 1046 812 1109 ecclesia
826 1056 875 1109 est
889 1047 1083 1109 confirmata.

243 1148 335 1212 Sicut
350 1158 459 1212 autem
474 1148 514 1210 ad
530 1146 664 1210 Comitis
681 1147 865 1230 exemplum
881 1146 1000 1230 Reges,
1016 1147 1061 1210 sic
1076 1147 1115 1211 ad
1127 1147 1257 1231 Regum

199 1249 364 1333 exemplar
379 1249 545 1313 Romanus
571 1248 751 1331 Imperator
766 1248 979 1325 Frethericus,
1003 1271 1128 1312 necnon
1154 1259 1188 1312 et
1217 1250 1258 1312 ad

197 1351 320 1414 monita
343 1350 534 1413 venerabilis
556 1348 751 1412 Albanensis
776 1349 930 1434 Episcopi
967 1361 1000 1412 et
1023 1349 1180 1414 Romanae
1208 1374 1259 1414 ec-

196 1452 303 1514 clesiae
329 1451 515 1527 Cardinalis‚
536 1450 598 1513 Illo
616 1460 806 1534 cooperante
828 1473 848 1513 a
872 1473 939 1534 quo
961 1462 1070 1515 sancta
1091 1452 1256 1529 desideria,

197 1565 285 1617 recta
299 1553 441 1630 consilia,
456 1563 490 1615 et
503 1554 593 1636 justa
607 1561 683 1615 sunt
694 1537 801 1635 opera,
818 1553 859 1615 ad
871 1553 997 1616 Latere
1009 1554 1206 1631 Jerusalem,¹
1220 1554 1254 1617 in

200 1655 289 1718 curia
303 1654 359 1717 illa
372 1677 497 1738 magna,
514 1677 611 1738 quam
627 1653 758 1718 Curiam
769 1653 862 1738 [Dei]
875 1667 999 1733 vocant,
1013 1657 1048 1719 in
1056 1656 1157 1720 nobili
1172 1657 1251 1720 urbe

200 1755 404 1839 Maguntina,
420 1778 493 1818 cum
517 1755 692 1840 majoribus
716 1757 807 1838 regni
833 1755 1006 1820 Teutonici
1029 1757 1149 1820 ordinis
1174 1759 1255 1821 utri-

198 1879 302 1941 usque
316 1857 393 1921 viris
417 1879 543 1921 crucem
566 1857 733 1940 magnifice
758 1858 923 1941 suscepit.2
968 1858 1023 1922 Sic
1054 1858 1165 1943 itaque
1198 1881 1256 1944 per

198 1959 362 2022 universos
376 1959 608 2043 propemodum
623 1957 765 2042 Europae
780 1959 861 2022 fines
885 1959 926 2024 ad
948 1960 1132 2045 principum
1147 1983 1256 2023 exem-

197 2059 288 2143 plum
314 2060 391 2123 orbe
417 2059 605 2144 composit0,
620 2060 700 2123 adeo
727 2058 899 2124 Salvatoris
914 2059 1032 2146 injuria
1057 2063 1257 2146 singulorum

198 2166 311 2229 animis
335 2166 431 2230 altius
455 2165 583 2243 insedit,
607 2175 646 2228 ut
668 2165 703 2227 in
730 2165 876 2249 quolibet
897 2164 1064 2229 hominum
1087 2173 1257 2240 conventu,

199 2277 347 2351 respectu
372 2268 580 2350 signatorum,
596 2289 716 2351 paucos
730 2266 848 2329 videris
872 2288 938 2328 non
961 2266 1111 2349 signatos.
1156 2266 1258 2330 Vide-

200 2368 296 2431 batur
324 2369 410 2431 enim
437 2377 591 2453 tanquam
621 2368 830 2453 opprobrium
854 2367 955 2430 crucis
985 2366 1136 2429 vindictae
1160 2366 1254 2429 istius

195 2469 283 2532 sicut
314 2469 457 2532 animum
492 2471 536 2532 sic
574 2480 608 2533 et
645 2469 846 2553 signaculum
882 2491 947 2532 non
976 2468 1155 2552 suscipere;
1199 2468 1287 2552 qui'

198 2570 337 2633 feliciter
359 2571 490 2654 quidem
520 2581 553 2635 et
583 2571 754 2635 efficaciter
775 2571 838 2655 ipsi
859 2571 996 2635 fuissent
1019 2570 1192 2655 obsequiis,
1216 2581 1256 2634 ut

198 2672 350 2748 creditur,
379 2671 523 2754 obligati,
547 2673 574 2736 si
602 2683 725 2738 tantam
753 2673 944 2736 meruissent
971 2673 1187 2758 persequendi
1224 2683 1258 2736 et

197 2773 386 2858 perficiendi
400 2774 545 2857 gratiam,
563 2787 716 2859 quantam
730 2775 909 2839 habuerant
922 2775 1128 2860 aggrediendi
1142 2775 1257 2838 voluu-

197 2885 308 2940 tatem.
355 2875 493 2960 Propter
514 2878 698 2963 principum
721 2880 842 2963 quippe
869 2877 1058 2941 discordiam
1080 2876 1201 2961 pariter
1222 2887 1256 2939 et

198 2977 361 3054 invidiam,
372 2977 571 3063 aliorumque
583 2981 766 3064 superbiam
776 2991 809 3044 et
823 2980 1045 3064 arrogantiam,
1055 2978 1184 3042 effectui
1196 3001 1256 3063 per

197 3077 269 3140 illos
294 3079 470 3164 mancipari
493 3081 625 3165 negotia
649 3091 748 3158 tanta,
764 3082 849 3146 sicut
871 3104 914 3144 ex
928 3091 1002 3164 post
1027 3081 1112 3144 facto
1128 3079 1254 3156 claruit,

198 3181 336 3263 peccatis
359 3183 560 3265 urgentibus,
587 3183 694 3247 divina
712 3184 842 3268 justitia
875 3205 941 3246 non
962 3182 1116 3266 permisit.
1163 3181 1255 3248 Quo·

198 3282 295 3359 niam,
310 3293 349 3347 ut
363 3283 409 3346 ait
425 3283 643 3362 Cassiodorus
660 3287 831 3369 “populus
846 3295 985 3349 armatus
1001 3285 1068 3347 sine
1084 3283 1157 3347 Deo
1170 3283 1255 3347 iner-

197 3383 288 3446 mis.”
333 3384 434 3447 Porro
449 3386 720 3469 quemadmodum
744 3396 813 3449 tota
829 3385 1063 3462 christianitas,
1079 3395 1118 3447 ut
1132 3385 1254 3448 dictum

197 3495 256 3562 est,
284 3486 325 3548 ad
352 3487 609 3569 impugnandum
635 3497 669 3549 et
697 3487 934 3563 vindicandum,
964 3487 1009 3549 sic
1036 3497 1070 3549 et
1095 3487 1253 3551 universae

197 3587 343 3668 gentium
372 3587 518 3648 nationes
546 3595 581 3648 et
607 3586 785 3650 infidelium
821 3587 936 3671 populi
964 3587 1005 3648 ad
1040 3585 1254 3650 resistendum

198 3686 382 3748 excitantur
404 3694 438 3746 et
462 3685 693 3763 rebellandum,
706 3686 792 3748 unde
819 3698 853 3750 et
878 3696 968 3750 tanta
990 3697 1085 3749 terrae
1110 3687 1253 3751 turbatio

197 3796 352 3870 tantaque
366 3786 479 3848 mundi
494 3787 659 3851 concussio
685 3811 705 3850 a
728 3787 840 3852 multis
865 3798 952 3852 retro
978 3787 1104 3853 saeculis
1126 3800 1255 3853 nonest

198 3888 320 3951 audita.
540 3896 541 3899 ’

232 4037 238 4067 ¹
253 4037 351 4090 Fourth
364 4037 469 4108 Sunday
481 4039 508 4091 in
522 4039 597 4092 Lent.
717 4040 722 4112 Ι
773 4040 783 4069 ²
801 4040 841 4093 De
854 4040 991 4106 Vinesauf,
1005 4041 1067 4095 ibid.
1080 4059 1106 4112 p.
1119 4044 1181 4096 258.
