3000 5040
270 480 334 542 152
532 498 535 507 ·
584 490 767 541 otrannus
792 489 1023 540 cannarusrs

267 641 341 704 Deo
354 639 485 703 missum
505 661 572 701 esse
588 649 777 723 protestans,
794 661 834 700 ne
855 660 991 701 uxorem
1006 636 1148 713 alteriuS,
1164 635 1320 698 hominis-

269 765 333 827 que
353 741 403 805 sui
428 740 603 825 praecipue,
619 741 752 804 duceret
777 740 827 802 vel
846 740 1063 823 desponsaret,
1079 738 1320 800 matrimonium

268 845 329 909 hoc
350 865 415 904 non
436 841 516 918 fore,
532 842 587 904 sed
601 841 808 904 manifestum
823 852 856 904 et
878 841 1102 904 detestandum
1116 838 1322 913 adulterium,

271 945 389 1008 dicens.
449 943 510 1005 Ille
533 966 608 1006 vero
632 943 668 1005 in
693 964 799 1005 errore
827 943 1010 1026 persistens,
1040 941 1207 1026 respondit
1236 939 1323 1022 quod

271 1046 336 1109 Dei
357 1044 509 1108 nuntium
531 1044 624 1106 illum
649 1067 717 1106 esse
741 1066 798 1106 nee
822 1044 982 1121 credebat,
1009 1065 1068 1106 nec
1092 1043 1122 1106 ei
1145 1043 1321 1105 constabat.

271 1147 335 1212 cui
346 1147 394 1210 vir
407 1147 511 1209 bonus
526 1145 599 1208 ille:
616 1144 685 1207 “Si
700 1145 833 1207 nuntius
845 1145 909 1208 Dei
923 1144 1024 1220 sum,”
1037 1144 1156 1227 inquit,
1168 1141 1324 1205 “etmihi

271 1249 367 1311 fidem
391 1269 456 1309 non
481 1245 642 1322 habueris,
672 1268 838 1329 nunquam
866 1246 972 1329 proles
1008 1246 1047 1308 de
1075 1245 1166 1309 vobis
1195 1254 1228 1306 et
1256 1244 1325 1326 ipsa

271 1349 483 1432 suscipienda,
512 1347 563 1411 vel
595 1347 845 1432 propaginaliter
881 1348 956 1410 inde
984 1357 1188 1431 proventura,
1215 1345 1325 1408 felices

270 1451 396 1514 fructus
424 1449 528 1512 facere
557 1449 706 1533 possit!”
751 1449 846 1513 istud
874 1449 986 1532 Hugo,
1016 1449 1110 1512 bonae
1145 1460 1178 1511 et
1206 1457 1324 1510 sanctae

270 1551 434 1614 memoriae
459 1549 637 1613 Lirrcolniae
661 1551 839 1636 episcopus,
862 1551 980 1614 referre
1006 1550 1138 1628 solebat,
1162 1560 1325 1613 auctorem

270 1654 403 1716 laudans
430 1652 556 1736 Regem
580 1651 758 1716 Henricum
782 1653 967 1729 secundum,
992 1653 1049 1735 qui
1074 1652 1135 1715 hoc
1157 1652 1188 1716 ei
1211 1673 1326 1716 cuma

271 1755 346 1818 filiis
360 1754 576 1831 infestaretur,
592 1753 711 1816 referre
726 1754 901 1817 consuevit.

316 1856 467 1922 Qualiter
490 1866 598 1918 autem
616 1853 772 1918 Alienora
798 1855 925 1938 Regina
946 1856 1050 1939 primo
1072 1865 1136 1919 tam
1163 1855 1197 1918 in
1223 1865 1325 1919 trans-

271 1957 400 2020 marinis
427 1956 600 2019 Palestinae
630 1955 775 2038 partibus
799 1978 832 2019 se
857 1956 1027 2034 habuerit;
1062 1957 1200 2040 qualiter
1227 1957 1324 2020 etiam

271 2070 384 2143 postea
405 2079 539 2134 reversa,
562 2068 628 2120 tam
655 2080 730 2140 erga
754 2057 895 2141 primum
923 2059 1073 2121 maritum
1102 2081 1199 2142 quam
1228 2059 1324 2122 etiam

272 2160 458 2234 secundum,
474 2181 507 2221 se
522 2170 634 2243 postea
647 2159 798 2242 gesserit3
827 2171 860 2222 et
882 2159 920 2222 de
945 2160 1021 2223 filiis
1044 2161 1124 2244 ejus,
1149 2160 1324 2244 dequibus

266 2260 305 2323 *in
328 2261 407 2323 flore
431 2271 519 2323 tanta
544 2282 616 2344 spes
641 2258 758 2336 fuerat,
788 2261 948 2344 quomodo
976 2261 1056 2324 citra
1078 2261 1221 2324 fructum
1255 2263 1325 2345 ejus

272 2372 507 2438 emarcuerunt,
522 2361 599 2424 satis
614 2372 663 2424 est
676 2365 814 2425 notum.¹

268 2518 273 2525 .
316 2462 367 2525 De
381 2463 509 2525 filiabus
526 2484 667 2547 quoque,
685 2461 794 2525 Sicula
808 2463 928 2526 scilicet
943 2474 977 2528 et
993 2464 1171 2543 Saxonica;
1187 2488 1323 2548 quarum

272 2564 404 2627 alteram
419 2563 486 2627 sine
501 2563 621 2640 libaria,
634 2563 766 2627 alteram
789 2564 857 2626 sine
872 2565 988 2643 letitia,
1003 2566 1092 2630 illam
1113 2567 1181 2630 sine
1202 2567 1322 2644 fructu,

271 2667 365 2730 istam
380 2689 446 2729 non
461 2666 583 2750 absque
598 2664 700 2742 luctu,
716 2677 840 2730 constat
855 2667 994 2731 finaliter
1008 2669 1188 2733 decessisse.

316 2766 505 2830 Ceterorum
540 2776 667 2843 autem‚.
695 2788 735 2830 ne
771 2789 829 2850 per
864 2768 991 2852 singula
1024 2792 1186 2833 curramus
1224 2769 1325 2854 (quod

270 2870 394 2959 aliquos
419 2868 526 2931 forsan
553 2867 713 2932 offendere
738 2869 871 2952 posset),
897 2879 963 2933 tarn
992 2871 1031 2934 de
1057 2870 1232 2956 Hispanico
1252 2895 1325 2956 pro-

270 2972 358 3054 sapia
373 2992 469 3052 quam
486 2968 689 3047 Germanica,
705 2991 830 3032 necnon
846 2981 959 3034 ettam
974 2971 1141 3035 Armorica
1156 2973 1324 3037 Britannia

270 3094 367 3154 quam
384 3071 554 3152 Gigantea,
570 3070 715 3133 residuos
734 3071 859 3135 fructus
883 3083 916 3136 et
940 3073 1030 3151 fines,
1047 3097 1183 3157 sequens
1203 3075 1325 3159 poterit

271 3183 350 3234 aetas
377 3171 548 3253 explicare.
595 3171 722 3234 Poterit
758 3184 864 3237 tamen
887 3175 926 3238 de
957 3175 1134 3260 Hispanico
1163 3199 1205 3239 ex
1235 3177 1323 3240 felici

271 3272 397 3354 copulae
408 3271 562 3334 maritalis
573 3271 623 3356 adj
629 3282 725 3335 uncto
734 3273 861 3357 aliquid
873 3274 979 3339 forsan
991 3276 1067 3339 boni
1079 3287 1322 3360 proventurum,

271 3373 343 3436 Deo
358 3372 563 3456 propitiante,
580 3373 725 3457 sperari.2

314 3472 369 3535 Ad
389 3473 449 3536 hoc
479 3495 608 3556 quoque
638 3473 775 3556 qualiter
802 3476 896 3540 dietae
927 3478 1064 3562 Reginae
1092 3479 1159 3544 filia
1187 3491 1324 3564 utraque

307 3637 382 3690 ¹See
407 3637 518 3690 Richard
549 3637 578 3690 of
605 3637 723 3707 Devizes,
747 3659 773 3711 p.
824 3641 933 3694 married
956 3641 1046 3712 Henry
1056 3641 1101 3694 the
1114 3642 1188 3706 Lion,
1203 3643 1280 3696 Dulce
1301 3645 1348 3709 of,

308 3746 314 3761 .
441 3766 442 3770 ,
823 3710 936 3781 Saxony,
966 3711 1001 3781 by
1030 3711 1115 3764 whom
1148 3712 1195 3766 she
1227 3713 1279 3766 had
1309 3732 1325 3767 a

306 3777 317 3806 ²
334 3776 401 3829 Joan
408 3775 519 3829 married
528 3775 645 3828 William
657 3776 694 3830 ll.
703 3777 774 3848 King
823 3795 960 3832 numerous
979 3781 1108 3851 offspring,
1121 3781 1168 3834 but
1188 3781 1279 3834 shared
1300 3784 1327 3835 in

271 3846 301 3898 of
321 3846 410 3916 Sicily,
434 3846 471 3966 hp
486 3845 571 3897 whom
595 3846 642 3898 she
664 3846 716 3898 had
739 3865 772 3900 no
823 3848 867 3900 the
900 3849 1013 3902 troubles
1051 3850 1080 3902 of
1114 3850 1161 3902 her
1196 3851 1324 3906 husband.

271 3914 395 3968 children.
473 3932 500 3966 er
530 3915 625 3967 second
654 3915 772 3969 husband
823 3917 934 3970 Eleanor
957 3935 1009 3971 was
1035 3919 1125 3985 Queen
1144 3928 1171 3972 to
1189 3919 1324 3990 Alphonso

271 3710 305 3760 25

271 4002 322 4036 was
345 3984 490 4054 Raymond,
515 3984 559 4036 the
584 3983 630 4037 oth
654 3984 715 4037 Earl
746 3987 776 4038 of
823 3986 905 4039 VIII.
936 3987 1007 4108 Kinp
1036 3989 1066 4039 of
1101 3989 1206 4055 Castile,
1237 3991 1324 4044 whose

272 4053 410 4107 Toulouse.
448 4053 478 4105 In
496 4053 542 4105 her
560 4070 617 4105 case
630 4052 674 4105 the
687 4054 771 4107 obser·
822 4055 946 4125 daughter
966 4057 1081 4110 Banche
1104 4058 1214 4111 married
1239 4059 1326 4128 Louis,

270 4122 355 4173 ration
368 4123 398 4174 of
412 4140 459 4174 our
476 4122 567 4174 author
579 4123 602 4174 is
614 4132 659 4174 not
671 4124 772 4194 strictly
822 4142 869 4177 son
889 4127 919 4178 of
938 4126 1023 4196 Philip
1043 4128 1187 4195 Augustus,
1199 4128 1226 4180 in
1247 4133 1325 4184 1200,

270 4199 334 4257 true,
347 4209 375 4243 as
388 4191 434 4244 she
446 4191 496 4244 had
509 4210 523 4244 a
535 4209 581 4244 son
600 4191 634 4262 by
646 4191 698 4244 this
710 4193 771 4246 hus-
821 4195 870 4246 See
888 4195 1016 4264 Bouquet,
1035 4195 1070 4249 ib.
1084 4201 1133 4249 and
1152 4197 1197 4251 the
1218 4209 1279 4252 note
1296 4208 1323 4252 to

272 4259 345 4326 band,
371 4261 464 4313 named
494 4262 558 4313 after
582 4261 646 4317 him.
689 4262 770 4316 Maud
822 4263 874 4316 this
888 4264 1042 4336 History,p.
1056 4269 1098 4320 15.
