3000 5016
259 460 322 521 102
511 469 748 559 VGIRALDUS
774 469 1000 519 CAMBRENSIS

256 621 441 708 praecipuus
470 598 567 681 esse·-
558 610 758 703 proponens
797 617 832 679 in
872 615 1084 699 aggressione,
1114 615 1154 679 ad
1190 626 1314 700 patrem

259 722 392 788 humilis
407 722 471 785 duo
470 698 647 822 pe'titurus
673 729 763 782 tanto
786 718 948 802 aggressui
971 716 1155 795 necessaria,
1172 718 1227 780 sed
1250 741 1315 782 non

260 824 526 922 impetraturus,
514 821 663 885 accessit.
709 820 809 884 Petiit
796 820 920 884 tenim
946 818 1034 901 quod
1048 818 1131 881 vel'
1122 840 1192 902 rpse
1218 841 1316 904 pecu-

260 927 347 991 niam
362 925 392 988 ei
416 904 514 1017 super
528 922 716 986 comitatum
733 921 954 985 Pictavensem
968 942 1072 1004 usque
1087 920 1126 983 ad
1142 921 1315 984 temrinum

260 1019 450 1112 peregrinas
438 1001 625 1089 ''iiidultum
650 1032 798 1086 mutuam
821 1023 931 1098 daret3
955 1021 1007 1084 vel
1033 1021 1087 1083 alii
1102 1021 1213 1098 cuivis,
1227 1023 1316 1085 fideli

261 1139 369 1192 tamen
383 1133 426 1225 et·
429 1125 515 1243 patri
530 1134 564 1188 et
578 1124 650 1200 sibi,
667 1123 812 1206 tutisque
827 1122 974 1186 manibus
997 1131 1030 1184 et
1055 1123 1184 1199 securis,
1200 1123 1317 1207 impig-

262 1229 370 1292 norari
362 1210 474 1335 po'sse
491 1225 689 1302 concederet,
707 1234 740 1287 et
755 1224 843 1308 quod
857 1222 891 1287 id
905 1245 1036 1308 quoque
1052 1235 1138 1286 carta
1160 1246 1217 1286 sua
1242 1246 1317 1286 con-

262 1322 418 1408 firmaret.
458 1327 505 1390 Et
529 1327 680 1410 quoniam
701 1335 767 1389 tam
800 1325 1015 1409 longinquum
1044 1325 1162 1389 iteret
1191 1325 1317 1408 pericu-

262 1417 400 1496 losuirl
381 1429 520 1512 arripere
535 1428 658 1504 debuit,
674 1450 715 1490 ne
730 1426 809 1510 quid
834 1426 978 1489 absentia
1001 1448 1059 1489 sua
1079 1437 1146 1490 tam
1166 1426 1292 1509 longa
1282 1448 1317 1488 ιιι

265 1521 524 1617 pr‘aejudicium
514 1529 617 1643 rpsius
639 1528 798 1591 malitiose
820 1527 994 1591 machinari
1013 1539 1132 1612 posset,
1147 1528 1317 1592 fidelitates

250 1625 432 1746 procerum
457 1652 548 1714 regni
538 1628 746 1713 Anglicani,
762 1650 886 1691 necnon
907 1639 940 1692 et
963 1639 1119 1694 terrarum
1137 1630 1321 1693 transmari-

232 1732 387 1813 aarum,
404 1731 511 1815 ipsum
536 1731 610 1814 jure
634 1729 830 1793 hereditario
855 1730 1121 1814 contingentium,
1135 1731 1318 1809 fidelitates,

225 1830 264 1887 '···
256 1831 370 1927 ’balva
361 1855 395 1895 ιιι
411 1832 560 1894 omnibus
572 1831 729 1894 fidelitate
743 1831 836 1914 patri,
852 1831 943 1915 prius
955 1841 988 1894 et
1002 1831 1149 1895 exhibita
1159 1843 1192 1897 et
1200 1833 1318 1910 debita

195 1933 482 2021 ·.2··susoipiendas
503 1933 696 2016 indulgeret.
741 1931 782 1995 In
803 1954 941 2015 quorum
956 1956 978 1997 u
981 1943 1094 2016 troque
1109 1933 1222 2009 Rex,
1213 1956 1320 2018 1psum

265 2035 399 2098 audiens
428 2032 560 2116 quidem
589 2032 645 2094 sed
673 2054 739 2095 non
768 2033 954 2110 exaudiens,
990 2045 1177 2120 conceptam
1213 2034 1320 2098 animo

207 2130 227 2175 ⁹·
266 2134 446 2220 nequitiam
460 2155 612 2218 responso
626 2133 683 2196 tali
697 2133 862 2217 palliavit:
887 2140 908 2170 “
922 2135 1037 2212 Simul,
1051 2135 1138 2198 Ofili
1148 2135 1319 2211 carissime,

201 2240 207 2250 “
267 2237 362 2302 simul
376 2246 410 2300 et
424 2258 489 2298 non
504 2235 673 2319 separatim
687 2236 766 2299 ituri
780 2259 892 2300 sumus
906 2248 939 2301 et
962 2248 1088 2301 tantum
1111 2238 1174 2302 iter
1196 2259 1323 2320 aggres-

267 2339 345 2417 suri,
360 2338 419 2402 ubi
444 2359 509 2402 non
532 2337 636 2400 solum
655 2338 802 2422 pecunia,
818 2339 922 2402 sedet
938 2340 1044 2402 omnia
1057 2339 1119 2403 viae
1134 2338 1321 2414 necessaria,

268 2440 372 2516 nobis,
388 2449 427 2503 ut
447 2439 549 2516 decet,
565 2448 661 2501 erunt
683 2439 874 2503 communia.
919 2439 990 2502 Nec
1006 2441 1065 2504 tibi
1081 2440 1253 2523 quicquam
1269 2440 1323 2502 de·

270 2565 338 2606 esse
363 2540 484 2625 poterit
507 2540 596 2623 quod
618 2540 698 2603 mihi
727 2562 892 2625 superesse
912 2541 1070 2618 videatur,
1095 2541 1173 2625 quia
1194 2541 1241 2604 nil
1261 2541 1321 2603 nisi

269 2665 355 2708 mors
376 2643 453 2720 sola,
470 2664 545 2726 quae
567 2664 697 2725 parcere
720 2665 787 2706 non
810 2643 911 2719 novit,
925 2665 984 2706 nos
1009 2644 1049 2706 ab
1075 2643 1210 2707 invicem
1235 2665 1324 2726 sepa-

270 2743 386 2809 rabit.’'
430 2742 554 2806 Invidit
579 2743 666 2806 enim
695 2742 792 2806 etiam
823 2753 856 2807 et
882 2743 951 2806 filio
978 2753 1069 2828 pater
1104 2744 1207 2827 prima
1242 2742 1325 2806 tanti

271 2866 438 2930 aggressus
464 2843 640 2920 conamina,
655 2844 879 2928 primitiasque
902 2845 1020 2909 laboris
1043 2845 1175 2930 egregii,
1197 2845 1325 2928 viaeque

272 2947 406 3029 gloriam
427 2944 655 3029 percelebrem,
670 2945 911 3029 victoriamque,
929 2947 956 3010 si
977 2946 1060 3010 forte
1083 2946 1243 3023 acciderit,
1259 2956 1325 3008 tam

273 3048 451 3130 insignem
497 3068 571 3108 cum
606 3056 713 3110 tamen
750 3047 777 3109 si
813 3047 895 3110 felix
923 3049 1050 3132 utique,
1080 3054 1107 3111 si
1142 3049 1325 3111 fortunatus

273 3148 389 3211 fuisset
410 3147 501 3231 (quia
522 3147 624 3230 gloria
646 3148 757 3232 patris,
786 3159 824 3212 ut
842 3150 888 3213 ait
909 3149 1071 3227 Salomon,
1094 3159 1143 3213 est
1167 3149 1254 3212 fflius
1278 3169 1327 3210 sa-

274 3250 390 3334 piens),
414 3249 440 3311 si
471 3249 550 3332 quid
576 3249 699 3333 gloriae,
724 3251 751 3314 si
780 3251 860 3334 quid
883 3253 1028 3336 prosperi
1054 3262 1187 3316 eventus
1208 3251 1243 3314 in
1268 3251 1327 3312 hac

275 3353 327 3414 via
339 3351 407 3414 filio
422 3351 576 3414 Fortunae
590 3351 680 3415 favor
688 3353 850 3438 adjecerit,
867 3355 959 3437 quasi
973 3377 1063 3418 suam
1078 3353 1179 3438 ipsius
1194 3352 1328 3437 gloriam

276 3461 426 3536 reputare
441 3452 613 3516 debuisset.

322 3553 437 3617 Comes
473 3562 582 3616 autem
617 3555 769 3619 invidiam
807 3558 877 3641 ejus
920 3567 1018 3640 atque
1053 3550 1209 3621 m‘alitiam
1253 3555 1328 3619 satis

279 3658 457 3732 advertens
482 3678 555 3718 curn
585 3656 673 3719 aliud
704 3657 818 3720 elicere
846 3680 1036 3743 ⁴responsum
1066 3680 1132 3720 non
1160 3656 1329 3743 potuisset,

280 3782 299 3822 a
327 3769 417 3842 patre
445 3756 532 3820 filius
554 3779 686 3841 corpore
717 3758 812 3821 simul
853 3768 887 3821 et
907 3760 1001 3823 corde
1034 3759 1179 3822 decessit.
1226 3758 1332 3821 Picta-

279 3861 363 3925 viam
388 3859 498 3942 itaque
522 3880 710 3942 regressum,
736 3881 810 3922 cum
837 3859 943 3944 ipsum
967 3870 1058 3924 tanto
1084 3861 1253 3945 apparatui
1278 3881 1333 3922 ne-

282 3959 416 4025 cessaria
438 3959 541 4023 modis
564 3960 714 4022 omnibus
736 3969 907 4038 maturare,
930 3962 1122 4046 nunciisque
1146 3963 1187 4025 ad
1209 3961 1333 4045 Regem

284 4061 453 4138 Siculum,1
468 4061 624 4124 sororium
647 4083 751 4138 suum,
766 4071 899 4146 propter
913 4063 1076 4146 navigium
1098 4063 1334 4148 properandum

319 4209 326 4238 ¹
346 4207 465 4260 William
480 4207 564 4271 Il.;‘
566 4208 637 4277 ‘ipse
650 4207 682 4260 ad
694 4207 838 4261 subsidium
851 4217 925 4262 terrae
943 4219 1039 4264 sancta
1056 4211 1172 4312 proprior
1189 4220 1215 4265 et
1233 4213 1335 4283 pronior

284 4276 439 4346 existebatss’
453 4247 588 4345 Vinedauf,
601 4280 661 4331 258.
