3000 5040
675 543 847 593 rnrrncn.
1256 525 1289 588 xi

231 696 266 750 to
293 689 428 754 another
451 692 578 775 subject
602 690 786 774 intimately
801 664 992 753 'connected
1015 687 1095 752 with
1122 687 1177 751 the
1205 687 1290 750 fore-

231 807 340 891 going,
365 809 400 871 in
423 808 530 873 which
549 809 606 873 the
628 808 752 893 fidelity
774 807 811 870 of
836 807 990 870 Giraldus
1015 828 1110 870 asan
1132 804 1289 868 historian

230 923 307 988 isin
322 948 410 990 some
426 927 542 1010 degree
556 927 725 992 involved·

275 1043 345 1106 The
368 1045 500 1108 Editors
530 1045 568 1109 of
593 1045 648 1108 the
675 1057 766 1128 great
789 1043 969 1108 Collection
996 1044 1033 1107 of
1057 1043 1182 1108 French
1211 1042 1289 1107 His-

230 1161 360 1239 torians,
387 1161 539 1244 (Recueil
563 1164 619 1226 des
643 1161 828 1226 Historiens
853 1160 908 1226 des
924 1161 1071 1245 Gaules,)
1087 1162 1167 1225 have
1183 1161 1287 1225 stated

229 1278 264 1342 in
276 1279 360 1343 their
370 1281 498 1367 preface
514 1292 548 1345 to
563 1282 618 1344 the
634 1281 821 1365 eighteenth
836 1281 974 1358 volume,
988 1280 1059 1344 that
1073 1279 1137 1344 this
1149 1280 1239 1343 work
1254 1280 1293 1342 of

230 1395 384 1460 Giraldus
409 1421 473 1462 was
491 1400 664 1484 composed
684 1400 735 1462 for
762 1423 781 1462 a
805 1409 911 1485 party,
935 1401 998 1463 and
1023 1409 1057 1463 to
1078 1398 1144 1463 suit
1164 1421 1183 1461 a
1205 1398 1288 1482 poli-

228 1514 306 1578 tical
319 1519 484 1600 purpose.¹
529 1517 599 1580 The
619 1517 722 1581 whole
745 1540 877 1602 passage
901 1518 929 1581 is
953 1541 988 1581 so
1012 1518 1199 1602 important,
1216 1516 1286 1579 that

227 1634 256 1696 it
272 1634 418 1698 deserves
432 1635 590 1700 insertion
605 1636 694 1700 here.

272 1757 293 1786 “
307 1752 471 1830 Giraldus,
497 1753 554 1837 qui
579 1777 660 1839 opus
686 1778 781 1819 suum
808 1755 985 1834 Ludovico,
1013 1755 1157 1840 Philippi
1182 1754 1285 1838 Regis

227 1869 458 1935 “Francorum
472 1873 551 1950 filio,
566 1896 634 1958 prae
651 1873 776 1938 caeteris
791 1873 879 1937 illius
895 1874 957 1938 aevi
970 1874 1172 1959 principibus
1187 1873 1285 1936 desti-

226 1989 402 2053 “nandum
418 1991 524 2070 duxit,
545 2015 596 2055 res
620 2014 678 2056 suo
700 2001 844 2076 tempore
864 2003 979 2075 gestas,
1000 2001 1034 2054 et
1056 1991 1126 2054 aliis
1148 1990 1284 2074 scripto·

226 2107 350 2172 “ribus
363 2107 431 2172 fere
446 2110 592 2186 intactas
608 2110 827 2194 prosequitur,
848 2111 889 2174 ad
910 2111 1137 2194 denigrandam
1153 2107 1282 2191 Angliae

226 2225 389 2309 “Regum
415 2251 432 2290 e
454 2227 554 2312 stirpe
580 2227 807 2312 Andegavensi
839 2228 967 2305 famam,
1002 2237 1035 2291 et
1066 2227 1283 2291 extollendam

225 2342 390 2428 “Regum
419 2346 626 2422 Francorum,
657 2355 723 2409 tam
749 2346 784 2408 in
814 2345 912 2408 rebus
939 2345 1089 2429 politicis,
1121 2368 1218 2428 quam
1247 2345 1281 2407 in

223 2466 245 2496 “
257 2462 423 2546 religionis
437 2464 529 2526 cultu
544 2463 781 2526 excellentiam.
830 2462 966 2546 Scripsit
982 2463 1067 2526 enirn
1083 2485 1120 2525 eo
1136 2473 1281 2546 ternpore

224 2583 323 2664 “quo
340 2579 471 2664 Angliae
486 2582 633 2656 baroneS,
648 2580 874 2643 dominationis
890 2580 1195 2664 Plantagenetarum
1209 2602 1282 2663 per-

224 2701 246 2731 “
261 2698 331 2761 taesi
347 2709 380 2760 et
398 2698 609 2761 restituendae
624 2697 771 2782 pristinae
791 2698 950 2761 libertatis
969 2698 1142 2760 admodum
1159 2698 1279 2781 cupidi,

223 2812 479 2895 “conjuratione
494 2811 579 2874 facta
601 2822 640 2875 ut
657 2811 678 2874 J
680 2834 815 2874 oannem
836 2810 968 2895 Angliae
994 2811 1121 2894 Regem
1142 2822 1176 2875 et
1199 2811 1280 2874 solio

223 2933 244 2963 “
257 2929 477 3006 deturbarent,
502 2929 703 2993 Ludovicum
733 2929 834 3013 Regis
861 2930 1058 2994 Francorum
1082 2929 1197 3007 filium,
1228 2930 1281 2992 cui

223 3052 244 3081 ‘⁴
258 3049 382 3111 ratione
396 3048 509 3111 uxoris
529 3071 596 3111 suae
616 3049 672 3132 jus
692 3047 815 3131 aliquid
832 3048 866 3110 in
891 3048 1022 3132 Angliae
1043 3071 1179 3132 regnum
1195 3070 1280 3112 eom-

223 3170 244 3200 “
257 3167 399 3250 petebat,
416 3166 443 3229 si
461 3165 615 3250 justiores
637 3167 782 3230 haeredes
805 3167 991 3243 defuissent,
1007 3167 1222 3245 advocarunt3
1247 3178 1282 3230 et

221 3285 242 3315 “
256 3283 375 3346 viribus
387 3285 456 3368 ejus
469 3284 571 3369 adjuti
582 3283 743 3346 coutinuis
754 3284 847 3347 bellis
857 3284 959 3368 spatio
974 3285 1112 3347 duorum
1122 3307 1280 3348 annorum

222 3404 242 3434 “
255 3402 404 3465 adversus
412 3401 434 3464 J
435 3424 569 3464 oannem
582 3411 616 3464 et
624 3402 726 3465 filium
736 3403 805 3487 ejus
816 3403 995 3466 Henricum
1005 3402 1037 3465 in
1049 3403 1278 3466 detrimentum

221 3522 242 3552 “
254 3519 367 3603 patriae
384 3519 597 3583 decertarunt.
642 3519 749 3604 Atqui
764 3520 834 3584 haec
852 3521 980 3584 videtur
1000 3532 1095 3584 causa
1118 3544 1174 3584 cur
1196 3545 1278 3606 opus

220 3640 241 3668 “
255 3635 352 3712 istud,
368 3636 498 3720 publica
515 3636 587 3699 luce
603 3636 724 3720 alioqui
745 3637 888 3721 dignum,
912 3638 1066 3701 hactenus
1086 3639 1277 3702 intenebris

220 3758 241 3787 “
254 3753 429 3817 delituerit.
476 3753 560 3837 Sane
574 3753 745 3817 Giraldum
758 3754 792 3816 in
803 3754 1019 3838 perduellium
1032 3755 1189 3818 baronum
1205 3779 1276 3818 sen-

219 3871 387 3935 “tentiam
411 3871 522 3948 abiise,
547 3883 581 3934 et
606 3893 660 3934 eos
683 3872 802 3956 scripto
827 3871 911 3934 forte
935 3894 993 3935 suo
1019 3873 1059 3935 ad
1087 3874 1275 3937 movendam

218 3990 441 4054 “seditionem
458 3989 625 4067 excitasse,
638 3990 844 4075 perspicuum
861 4001 909 4054 est
928 4002 999 4055 tum
1018 4013 1061 4053 ex
1081 4001 1149 4054 tota
1164 3991 1274 4076 scripti

216 4115 237 4144 “
248 4109 339 4185 serie,
364 4119 433 4171 turn
451 4131 494 4171 ex
519 4108 722 4172 conclusione
745 4109 859 4193 operis,
885 4109 942 4172 ubi
966 4109 1107 4172 delusam
1128 4133 1216 4194 spem
1238 4121 1272 4174 et

217 4232 353 4290 “cassos
369 4225 592 4290 dissidentium
608 4238 742 4290 conatus
757 4249 829 4291 cum
844 4227 1056 4291 amaritudine
1071 4228 1179 4292 deflet.

625 4391 630 4420 ¹
652 4390 712 4444 Vol.
726 4391 799 4444 xviii.
814 4395 873 4445 121.
931 4432 936 4439 „
