3000 5040
273 489 337 559 170
576 507 758 557 erasinus
783 505 1008 559 cananeusrs

270 681 328 742 per
341 658 440 742 pedes
455 667 489 720 et
510 657 633 734 dentes,
655 681 713 742 per
735 658 879 741 gorgiam
901 668 1000 741 atque
1021 655 1216 729 strumellos‚
1234 655 1325 718 fatue

270 760 366 823 nimis
389 770 423 822 et
445 760 616 823 indiscrete
635 762 745 844 jurare
772 769 984 845 praesumunt.
1030 759 1186 842 Dumque
1215 757 1326 821 Deum

271 870 337 924 tam
361 862 529 926 temerarie
552 863 595 927 sic
617 863 819 926 membratim
841 862 1012 926 dilacerare
1040 860 1252 937 contendunt,
1278 859 1326 922 di-

270 963 354 1027 vinae
380 964 555 1048 majestatis
580 965 805 1028 excellentiam
834 965 931 1048 digna
954 965 1128 1048 debitaque
1155 962 1325 1027 devotione

271 1088 305 1129 se
333 1088 440 1148 neque
467 1066 581 1144 vereri,
610 1090 669 1132 nec
698 1068 836 1131 revereri
864 1077 1014 1152 patenter
1045 1066 1230 1131 ostendunt.
1276 1063 1326 1127 Hi

269 1188 356 1242 vero,
372 1167 522 1250 quotiens
536 1167 586 1231 uti
599 1169 806 1233 sacramentis
820 1169 855 1232 in
868 1169 1033 1253 loquendo
1047 1168 1255 1244 decreverint,
1264 1189 1325 1251 per

269 1279 393 1331 sanctos
420 1269 576 1347 Franciae,
592 1271 652 1335 sub
677 1272 728 1334 his
748 1271 947 1356 simplicibus
965 1270 1070 1334 solum
1090 1271 1143 1334 rel
1163 1269 1324 1333 similibus

265 1371 404 1454 jurando
425 1372 530 1436 verbis
551 1397 731 1438 sermonem
754 1383 888 1440 onerant
909 1384 943 1438 et
968 1374 1132 1437 adornant.
1179 1371 1325 1435 Scientes

269 1473 403 1558 quippe,
420 1484 454 1537 et
466 1498 533 1538 non
546 1477 652 1541 verbis
674 1487 811 1553 tantum,
826 1497 939 1539 verum
959 1476 1058 1539 etiam
1071 1474 1195 1538 cunctis
1209 1495 1324 1558 prope-

269 1576 400 1640 modum
423 1577 549 1642 actibus
573 1579 608 1642 id
632 1589 823 1657 astruentes,
839 1579 992 1663 quoniam
1009 1579 1065 1662 qui
1086 1577 1227 1641 ambulat
1251 1576 1324 1638 rim·

263 1678 407 1760 pbciter,
424 1681 564 1744 ambulat
577 1683 774 1765 confidenter.

312 1779 409 1858 Item,
425 1804 491 1846 non
505 1793 544 1846 ut
559 1783 749 1848 ursosinter
769 1783 927 1860 subditos,
942 1781 1214 1868 quemadmodum
1227 1802 1324 1864 quos·

268 1881 343 1944 dam
371 1883 520 1961 vidimus,
546 1908 605 1949 uec
627 1908 662 1949 se
687 1897 806 1970 gerrmt
827 1896 868 1950 ut
888 1886 1008 1950 leones.
1054 1884 1212 1948 Affabiles
1236 1881 1322 1946 enim

269 2004 303 2044 se
317 1984 385 2047 suis
403 1985 595 2050 exhibentes
610 1998 644 2052 et
663 1989 826 2064 amabiles,
843 1988 989 2071 quamvis
1002 1987 1157 2051 sublimes
1179 1983 1323 2048 interris

269 2084 387 2163 effecti,
402 2109 462 2150 nec
476 2089 607 2172 superbi
621 2099 730 2152 tamen
752 2091 793 2153 ob
808 2089 870 2153 hoc
885 2112 945 2153 nec
960 2089 1047 2166 elati,
1061 2089 1119 2152 sed
1139 2085 1322 2150 humilitate

269 2187 370 2270 magis
391 2199 425 2252 et
438 2190 686 2254 mansuetudine
699 2191 841 2274 praediti.
887 2190 1003 2254 Sciunt
1018 2189 1151 2274 quidem
1166 2198 1200 2251 et
1212 2209 1323 2270 recog·

269 2300 417 2366 noscunt,
456 2292 609 2374 quoniam
637 2293 783 2356 homines
821 2303 907 2369 sunt,
934 2294 1034 2377 juxta
1061 2290 1145 2354 illud
1169 2288 1323 2372 sapientis

268 2389 455 2473 eloquium:
485 2395 607 2456 Ducem
632 2404 663 2457 te
687 2397 923 2472 constituerunt,
946 2394 1012 2457 ooli
1037 2393 1159 2470 extolli,
1182 2392 1237 2454 scd
1260 2400 1323 2453 erto

268 2493 384 2556 inillis
398 2505 547 2578 tanquam
560 2518 638 2559 unus
653 2520 692 2560 ec
705 2498 782 2560 illis.
826 2497 875 2560 Et
888 2496 981 2572 illud,
996 2495 1086 2580 quod
1103 2503 1219 2578 quanto
1236 2515 1323 2575 map-

267 2619 324 2659 nus
339 2619 381 2673 cs,
397 2598 530 2660 humilia
545 2607 576 2661 tc
587 2601 622 2662 io
636 2598 783 2663 munitam.

310 2697 406 2777 Item,
435 2701 597 2785 principes
623 2702 795 2786 plerosque
822 2701 972 2778 vidimus,
995 2701 1064 2784 qui,
1095 2722 1169 2763 curn
1196 2698 1321 2762 bellicis

266 2801 434 2864 eventibus
461 2812 520 2865 aut
544 2803 613 2866 alea
641 2803 753 2887 quavis
782 2803 923 2866 fortunae
952 2802 1101 2864 secundae
1131 2822 1320 2885 prosperum

267 2903 346 2985 quid
360 2913 418 2966 aut
431 2903 526 2967 laude
540 2903 674 2987 dignum
685 2904 796 2988 adepti
808 2904 942 2979 fuerint,
958 2904 1066 2966 statim
1087 2903 1122 2966 in
1137 2902 1320 2986 superbiam

266 3003 343 3066 clati
365 3005 507 3082 nimiam,
521 3006 557 3069 id
578 3006 708 3070 brachio
723 3028 782 3069 suo
795 3015 902 3069 toturn
916 3005 1090 3068 ascribunt.
1136 3003 1184 3066 Hi
1197 3027 1272 3068 vero
1286 3004 1321 3066 in

266 3104 389 3166 cunctis
405 3106 603 3169 successibus
617 3107 683 3170 suis
696 3107 829 3170 nimiam
850 3107 1052 3170 clementiam
1073 3107 1207 3169 laudant
1221 3116 1320 3188 atque

265 3205 455 3288 potentiam,
469 3207 529 3269 soli
544 3207 618 3271 Deo
639 3207 775 3291 gratiam
790 3207 867 3270 dant
889 3219 987 3291 atque
1009 3207 1153 3290 gloriam,
1169 3207 1319 3291 quotiens

267 3306 390 3390 aliquid
403 3306 455 3370 vel
466 3308 644 3390 gratiosum
658 3310 784 3393 egerint
797 3309 848 3373 vel
862 3309 1047 3392 gloriosum.

310 3407 406 3486 Item,
435 3420 512 3473 sunt
541 3421 575 3474 et
595 3411 687 3474 fuere
715 3411 876 3496 principes
901 3412 1032 3495 quidam
1054 3411 1172 3475 nostris
1194 3410 1319 3486 diebus,

268 3509 326 3592 qui
336 3511 391 3594 jus
405 3521 440 3575 et
452 3512 604 3598 injuriam
625 3513 660 3576 in
683 3514 832 3577 omnibus
847 3513 1085 3597 aequiparantes
1107 3523 1141 3577 et
1161 3513 1210 3576 fas
1225 3534 1318 3579 omne

183 3682 187 3687 ,
266 3612 421 3695 nefasque
436 3614 680 3692 confundentes,
695 3625 867 3698 totumque
889 3614 1061 3698 quodlibet
1083 3625 1238 3698 tanquam
1257 3613 1320 3676 sibi

264 3713 361 3776 licere
374 3725 537 3798 putantes,
552 3739 611 3779 nec
629 3715 787 3800 justitiam
808 3716 948 3779 subditis
968 3726 1136 3799 praestant,
1151 3738 1211 3779 nec
1225 3715 1320 3777 thoro

265 3815 404 3878 maritali
420 3816 517 3878 fidem
537 3816 637 3879 ullam
660 3826 717 3879 aut
737 3816 928 3901 pudicitiam
943 3826 1087 3895 servant3
1112 3816 1216 3880 sedin
1230 3826 1320 3880 utro·

268 3939 331 3999 que
342 3917 449 4000 palam
457 3928 491 3981 et
499 3917 628 4001 publice
643 3917 868 4000 delinquentes
882 3918 1136 4002 praesumptione
1150 3917 1319 4002 plectibili,

269 4016 429 4081 tamfacto
438 4018 569 4100 quidem
576 4019 748 4081 enormiter
755 4029 899 4102 peccant,
908 4042 1005 4103 quarn
1014 4019 1174 4104 exemplo.
1191 4017 1322 4082 Horum

269 4128 378 4181 autern
393 4129 427 4181 et
440 4119 682 4182 immaculatum
699 4119 824 4204 copulae
838 4119 994 4203 legitimae
1009 4121 1139 4184 thorum
1152 4118 1323 4183 laudabilis

267 4220 303 4283 in
316 4219 462 4304 principe
475 4220 603 4284 castitas
611 4231 645 4284 et
655 4221 813 4305 pudicitia
821 4231 935 4298 servat,
944 4232 978 4285 et
990 4221 1173 4305 aequissima
1181 4220 1322 4305 justitiae

171 4346 174 4352 ·
270 4320 394 4384 trutina
406 4322 502 4385 rectis
516 4320 648 4404 regendi
663 4321 785 4386 semitis
798 4331 833 4384 et
847 4331 1000 4404 tanquam
1014 4321 1163 4405 pretiosis
1176 4321 1322 4404 undique
