3000 5040
435 506 483 557 on
506 502 776 559 rnsrnucrroun
801 508 1015 564 rnrncnun.
1207 489 1248 566 69

191 650 352 738 Dejecista'¹
370 679 429 734 eos,
451 657 523 720 dam
546 658 778 736 dilemmatam
804 673 838 725 et
859 662 941 726 illud
965 663 1136 746 Gregorii:
1164 651 1249 732 Quos

191 756 246 818 diu
271 759 360 820 Dens
385 769 420 821 ut
449 769 679 838 convertantur,
704 763 819 826 tolerat
826 791 839 839 ,·
873 787 932 828 non
959 787 1116 829 conversor
1139 765 1248 830 durius

190 857 328 921 damnat.

596 1068 678 1134 Car.
695 1058 840 1134 XXIX.

385 1232 568 1318 Descrcptio
576 1256 717 1318 persona
731 1236 830 1319 Rapis
844 1235 981 1299 Henrica‘
994 1235 1047 1298 ΙΙ.

149 1423 152 1428 ,
231 1365 287 1431 Ao
304 1369 491 1452 ampliorem
514 1379 623 1433 autem
638 1370 781 1434 omnium
804 1370 1082 1454 explanationem
1105 1362 1327 1477 hminisffi}
1342 1389 1403 1530 opp·

186 1466 285 1551 hujus
315 1469 570 1552 descriptionem,
602 1493 699 1554 quam
727 1471 762 1533 in
790 1470 952 1537 vaticinali
981 1471 1365 1576 Expugnationrsnpsonm

188 1568 357 1634 Hiberniae
383 1571 467 1635 libro
492 1565 673 1656 posuimus,
693 1595 767 1635 cum
792 1572 856 1636 alio
882 1593 1013 1656 quoque
1036 1572 1177 1656 capitulo
1204 1548 1265 1637 dec
1281 1543 1366 1579 Μ’

185 1670 376 1736 adventibus
401 1673 435 1736 in
453 1673 607 1757 Angliam
631 1685 664 1738 et
687 1674 864 1751 eventibus,
886 1673 939 1736 hic
964 1673 1116 1737 insertam
1141 1674 1243 1738 lector

184 1769 345 1836 inveniet:
371 1795 466 1856 quam
490 1775 567 1858 quia
590 1774 735 1860 Principi
760 1775 864 1839 adhuc
891 1774 1066 1860 superstiti,
1081 1798 1147 1839 una
1168 1796 1242 1838 cum

184 1871 294 1936 libello
317 1875 508 1959 periculose,
530 1877 631 1960 magis
655 1901 753 1962 quam
777 1877 942 1941 fructuose
968 1876 1183 1961 porreximus,
1207 1887 1242 1940 et

184 1974 354 2039 discordias
370 1977 501 2062 quidem
526 2001 615 2042 more
637 1979 790 2043 historico
811 1981 910 2064 juxta
924 1979 991 2043 veri
1006 1990 1151 2042 tenorem
1174 2000 1240 2041 non

183 2077 351 2155 tacuimus,
382 2090 416 2143 et
444 2079 530 2143 dicta
558 2091 666 2144 tamen
695 2082 863 2166 castigans,
891 2081 997 2146 verbis
1027 2071 1240 2144 excusatoriis

183 2181 438 2265 temperavimus.
485 2182 703 2267 ¹Expressem
717 2207 793 2248 vero
818 2184 920 2268 Regis
942 2193 1101 2260 naturam,
1118 2196 1152 2246 et
1174 2193 1239 2245 tam

181 2284 342 2350 interioris
356 2285 495 2350 hominis
511 2309 608 2371 quam
623 2289 791 2352 exterioris
805 2289 1055 2372 proprietatem,
1064 2287 1239 2351 aeternitati

181 2387 354 2470 depingere
369 2409 435 2450 non
449 2387 616 2470 indignum
639 2390 869 2473 reputavimus,
884 2400 924 2452 ut
939 2388 996 2472 qui
1017 2387 1155 2470 insignia
1169 2388 1240 2471 ejus

180 2498 271 2570 gesta
292 2487 326 2550 in
350 2497 515 2572 posterum
539 2489 650 2552 audire
673 2491 851 2573 gestierint,
867 2489 1090 2573 imaginarium
1106 2510 1237 2572 quoque

180 2588 307 2652 vultum
323 2591 393 2673 ejus
407 2611 476 2674 prae
490 2589 590 2652 oculis
604 2596 743 2674 gerant.²
787 2590 929 2653 Tantum
945 2589 1067 2674 quippe
1083 2589 1236 2673 temporis

179 2691 281 2754 nostri
304 2691 400 2754 decus
423 2690 605 2754 transitorie
627 2691 732 2776 perire
754 2713 894 2776 praesens
916 2691 1050 2755 historia
1072 2713 1137 2753 non
1163 2712 1238 2773 per-

178 2792 292 2868 mittit,
315 2792 487 2876 impetrata
511 2802 618 2856 tamen
640 2792 783 2856 veritatis
809 2791 1010 2877 explicandae
1028 2790 1132 2866 venia,
1156 2790 1236 2853 citra

179 2916 276 2978 quam
291 2893 393 2956 omnis
407 2894 542 2957 historia
555 2916 621 2957 non
636 2895 741 2958 solum
756 2895 982 2958 auctoritatem
997 2893 1053 2956 sed
1069 2903 1103 2955 et
1116 2914 1234 2955 nomen

177 2994 321 3059 historiae
336 2995 529 3058 demeretur.
575 2994 735 3059 Naturam
757 2995 919 3060 enimvero
933 2995 1053 3059 imitari
1070 3004 1138 3058 arte
1160 3015 1236 3078 pro⁴

177 3096 290 3174 fessus
306 3096 529 3160 auctoritatem
554 3097 659 3180 pictor
674 3098 805 3174 amittit,
821 3097 846 3161 si
864 3097 1050 3182 diligentius
1065 3105 1140 3180 apta
1156 3095 1233 3158 dum

176 3199 336 3280 protrahit
347 3193 454 3262 minus
476 3197 593 3262 idonea
606 3200 786 3263 verecunde
809 3199 1042 3284 praetermittit.
1088 3196 1185 3260 Unde
1200 3207 1234 3260 et

176 3300 328 3382 quoniam
351 3300 420 3364 sine
435 3298 521 3364 vitiis
544 3323 639 3364 nemo
658 3301 810 3378 nascitur,
827 3310 861 3363 et
882 3301 1024 3385 optimus
1041 3299 1096 3362 ille
1111 3297 1233 3381 estqui

175 3400 315 3466 minimis
347 3411 492 3485 urgetur,
518 3402 600 3465 nihil
626 3403 804 3466 humanum
831 3425 849 3465 a
878 3425 912 3465 se
941 3402 1081 3465 alienum
1106 3399 1232 3484 sapiens

174 3512 286 3584 putet3
320 3525 446 3588 semper
468 3502 554 3566 enim
576 3504 744 3566 mundanis
770 3504 803 3565 in
826 3504 933 3577 rebus,
955 3503 1032 3585 quia
1056 3501 1146 3564 nulla
1170 3500 1231 3562 sub

175 3603 258 3665 coelo
280 3604 423 3687 perfecta
441 3603 590 3680 felicitas,
607 3612 640 3665 et
664 3604 749 3666 mala
771 3613 848 3667 sunt
860 3603 965 3667 vicina
986 3603 1088 3679 bonis,
1105 3611 1139 3665 et
1151 3601 1231 3665 vitia

173 3704 347 3767 virtutibus
376 3705 630 3787 distinguuntur.
687 3704 781 3768 Sicut
806 3727 881 3787 ergo
908 3703 973 3767 sive
999 3713 1136 3781 naturae,
1163 3703 1229 3767 sive

209 3867 217 3897 ¹
236 3868 368 3939 Repeated
383 3869 410 3922 in
422 3869 467 3922 the
480 3867 606 3922 Hibernia
619 3869 674 3922 Ex·
723 3869 803 3951 Blois,
816 3869 874 3922 who
886 3887 938 3922 was
950 3886 1022 3922 more
1034 3869 1064 3921 of
1079 3887 1094 3921 a
1106 3845 1229 3950 courtier,

172 3939 402 4062 pupnTpezsseider
421 4006 474 4088 rvill
492 4008 547 4060 find
567 3985 674 4061 another
722 3938 1229 4130 ilidlllsintglsecliiiiacldiiiigdirwthilcliodi
1285 4015 1287 4020 ’

171 4075 328 4200 description
348 4079 378 4131 of
394 4077 446 4160 this
468 4078 561 4148 King's
580 4095 673 4148 person
722 4079 814 4131 author
832 4078 928 4146 dwells,
941 4078 964 4131 if
980 4079 1014 4131 he
1053 4095 1096 4130 oes
1115 4086 1160 4130 not
1178 4096 1224 4130 ex-

171 4147 222 4198 and
246 4157 377 4201 caracter
406 4165 434 4200 ιιι
458 4147 503 4200 the
534 4147 622 4200 letters
647 4148 676 4200 of
722 4157 840 4218 aggerate
858 4148 938 4203 them.
976 4147 1072 4200 Ihave
1085 4148 1224 4201 translated

172 4216 247 4269 Peter
260 4219 288 4270 of
298 4218 378 4285 Blois,
392 4218 485 4340 Opera,
495 4236 521 4288 p.
531 4221 574 4271 98.
594 4218 672 4288 Upon
722 4219 774 4271 this
797 4217 881 4286 letter,
900 4219 951 4271 and
974 4217 1065 4289 placed
1090 4218 1110 4269 it
1134 4236 1160 4270 at
1179 4218 1224 4270 the

170 4286 214 4339 the
226 4287 317 4355 whole,
330 4288 396 4340 their
431 4286 581 4358 ascriptions
595 4305 672 4358 gene·
722 4288 771 4340 end
790 4287 820 4340 of
835 4288 880 4341 the
893 4288 1003 4358 volume,
1015 4306 1043 4342 as
1061 4305 1077 4340 a
1094 4297 1224 4358 comment

170 4355 236 4426 rally
248 4375 342 4426 agree;
364 4367 457 4429 except
476 4357 532 4411 that
551 4358 628 4410 Peter
646 4358 675 4410 of
704 4369 754 4410 'on
767 4357 819 4411 this
831 4358 944 4428 chapter.
