3000 5040
446 494 494 544 nn
519 490 785 544 rnsrnuorroun
811 489 1024 542 rnrnorrnn.
1196 469 1260 540 101Ι

207 641 368 719 severiter,
392 651 431 706 ut
453 643 524 706 falsi
547 643 773 727 praedicatores
799 596 1007 757 praediodntg
1001 587 1217 717 invadente
1200 642 1260 704 etsi

206 866 281 926 quae
290 846 634 910 maximeverendaest
635 845 789 930 ,planetis
800 838 1152 915 omnibuset'Gandain
1163 843 1262 909 Libra

206 947 479 1024 convenientibus,
490 968 552 1011 ΧΠ.
565 948 617 1011 die
627 947 788 1024 Octobris,
802 946 927 1008 duabus
942 933 1112 1029 horiibnte
1123 946 1261 1008 mediam

204 1056 342 1124 noctem,
374 1070 439 1132 qua
468 1048 620 1112 elucescit
649 1048 726 1111 dies.
785 1046 866 1110 Inde
898 1046 1058 1130 incipiet5·
1062 1043 1113 1109 et
1135 1047 1261 1110 duobus

205 1147 377 1212 diebuset
400 1149 532 1213 dimidio
556 1149 695 1212 durabit.
740 1148 926 1212 Maximum
951 1157 1059 1211 autem
1067 1145 1260 1241 ,τ’ἐτηεάὶιιῐη

203 1249 237 1311 in
264 1250 336 1314 istis
358 1262 417 1329 est,
434 1252 522 1335 quod
545 1273 611 1334 quo
634 1252 739 1335 majus
765 1259 823 1313 est.
869 1248 1015 1315 Quintus
1030 1223 1151 1321 cliib'a·
1135 1259 1177 1338 et
1191 1249 1261 1313 loca

203 1349 323 1413 huic
293 1352 398 1414 vlcina
412 1352 577 1466 potissime
592 1351 744 1428 invadet3
759 1361 793 1414 et
811 1351 899 1434 quod
915 1350 987 1413 haec
1008 1351 1122 1434 regio,
1125 1357 1177 1415 et‘
1174 1350 1260 1446 prae·

204 1451 311 1566 cipue
326 1448 435 1515 n'ostra
462 1452 636 1536 provincia,
669 1452 825 1515 minorem
855 1474 951 1535 quam
977 1461 1027 1514 cet
1030 1474 1092 1516 erae
1118 1444 1260 1562 patietur

204 1553 339 1617 ruinam
386 1553 427 1616 In
440 1553 519 1616 locis
533 1575 608 1616 vero
623 1553 725 1616 solitis
740 1553 878 1636 fumigat
879 1575 907 1630 e,
930 1564 963 1616 et
988 1575 1052 1637 quo
1066 1554 1184 1618 minus
1167 1546 1259 1649 p‘er·

203 1655 255 1718 via
279 1666 356 1719 sunt
381 1656 468 1719 casui
489 1679 548 1740 per
573 1667 668 1720 terrae
691 1666 826 1734 motum,
851 1657 1006 1721 faciendae
1041 1667 1117 1720 sunt
1146 1636 1270 1757 dbrn'os

204 1757 420 1821 subterraneae
435 1780 479 1822 ex
490 1758 675 1835 viminibus,
689 1781 824 1843 quarum
837 1758 1007 1843 longitudo
1017 1769 1127 1842 vergat
1138 1760 1178 1822 ad
1187 1742 1290 1840 aio}

204 1867 301 1935 trum,
318 1869 357 1922 ut
371 1858 545 1944 citopossit
555 1868 671 1922 ventus
680 1859 800 1937 elabi,
790 1883 825 1922 1n
839 1860 994 1923 lateribus
1010 1861 1170 1924 montium
1184 1870 1259 1925 veh·
1238 1842 1296 1900 ”3

203 1958 244 2022 tis
260 1960 491 2044 oppositorum,
505 1961 670 2044 inquibus
685 1961 851 2024 latendum
867 1971 925 2038 est,
942 1972 975 2025 et
989 1963 1170 2026 electuariis
1184 1985 1259 2026 con·

203 2059 362 2126 fortativis
384 2073 418 2126 et
447 2062 716 2146 fumigationibus
746 2062 914 2126 odoriferis
943 2085 987 2126 ex
1009 2064 1147 2141 olibano,
1170 2065 1259 2149 ligno

202 2161 298 2240 aloes,
315 2173 349 2225 et
362 2163 434 2226 aliis
448 2163 638 2240 aromaticis
654 2173 786 2248 propter
805 2163 887 2226 aeris
901 2165 1149 2248 corruptionem,
1166 2176 1260 2230 uten·
1296 2156 1390 2253 ’,ᾖ

200 2263 290 2327 dum.
348 2264 413 2328 Sed
439 2275 472 2329 et
501 2265 535 2328 in
564 2264 615 2327 his
644 2276 678 2328 et
711 2265 825 2328 ceteris
859 2265 998 2329 divinam
1025 2267 1259 2350 protectionem
1315 2254 1322 2265 ⁴

100 2392 106 2402 ·
203 2366 413 2432 exorandum.
457 2367 504 2430 Et
514 2389 574 2451 pro
586 2376 656 2430 rato
670 2367 826 2443 babeatis,
844 2368 931 2450 quod
945 2390 989 2430 ex
1003 2368 1112 2430 eadem
1129 2391 1193 2450 qua
1206 2369 1259 2433 hic

203 2464 413 2529 addiscuntur
443 2477 522 2544 arte,
548 2477 656 2530 nostra
688 2477 722 2530 et
756 2467 891 2531 aliorum
917 2479 1099 2532 constanter
1124 2469 1260 2554 promit-

204 2566 286 2628 titur
299 2565 459 2632 liberatio.
503 2567 568 2631 Ars
582 2568 668 2632 ultra
683 2591 884 2633 communem
905 2570 1073 2634 hominurn
1096 2571 1260 2634 existima-

203 2668 324 2731 tionem
338 2691 371 2732 se
387 2669 526 2733 extollit.
572 2670 644 2734 Nec
657 2693 713 2734 vos
737 2680 865 2734 moveat
884 2672 997 2734 acerba
1019 2672 1113 2735 minis
1132 2670 1260 2734 Toleta-

204 2792 318 2833 norum
347 2771 532 2855 promissi03
573 2772 725 2856 quoniam
755 2794 830 2856 quae
870 2773 965 2835 nimis
1006 2760 1157 2836 severiter
1184 2794 1260 2856 pro·

202 2879 379 2943 mittuntur
400 2880 512 2944 mitius
538 2881 695 2959 accident,
709 2903 769 2944 uec
795 2880 986 2966 generaliter
1009 2881 1156 2944 evenient
1182 2902 1257 2964 quae

203 2980 334 3064 publice
347 2981 597 3066 praedicantur.”

247 3080 321 3145 Hoc
344 3083 461 3146 mirum
484 3084 571 3146 enirn
594 3094 628 3147 et
652 3083 769 3146 rationi
784 3084 947 3148 dissonum
964 3095 1042 3162 erat,
1068 3087 1259 3170 perturbato

199 3184 314 3246 mundi
343 3184 448 3268 pretio
475 3207 511 3248 ac
544 3184 775 3270 Redemptore,
812 3208 939 3250 necnon
975 3197 1008 3250 et
1036 3187 1257 3251 universorum

204 3285 411 3365 Plasmatore,
426 3287 567 3351 mundus
581 3287 749 3350 universus
771 3289 967 3365 turbaretur,
982 3300 1015 3353 et
1036 3289 1124 3373 ligno
1138 3290 1258 3374 pretio'-

203 3388 326 3452 sissimo
355 3388 389 3452 in
419 3411 485 3472 quo
512 3387 596 3452 salus
624 3398 720 3452 terrae
749 3388 834 3452 facta
866 3399 915 3453 est
943 3399 1009 3454 tam
1046 3390 1257 3456 irreverenter

201 3500 319 3568 amoto,
336 3489 631 3593 terraesuperficies
645 3490 853 3554 moveretur?

644 3693 725 3758 Car.
741 3693 823 3759 VII.

200 3844 253 3905 De
269 3843 387 3906 Comite
401 3844 543 3907 Ricardo
558 3847 620 3908 tter
640 3865 831 3928 oppressero,
845 3843 970 3927 scalper
979 3845 1085 3926 patris
1099 3843 1254 3907 malitiam

307 3943 511 4029 impeditaet
499 3946 559 4008 rob
571 3945 627 4008 boc
639 3945 682 4008 ad
690 3967 837 4028 guerram
848 3945 981 4007 animo-re
996 3966 1149 4008 converso.

244 4092 311 4156 Hrs
344 4092 444 4176 igitur
476 4093 522 4155 ita
559 4093 735 4178 completis,
759 4094 900 4177 inclytus
922 4095 976 4158 ille
1003 4096 1292 4160 Pictaviensium1
1266 4117 1341 4208 navae„
1339 4118 1410 4220 iia,

202 4195 316 4258 Comes
332 4194 502 4268 Ricardus,
518 4195 575 4279 qui
584 4218 649 4258 non
657 4207 767 4280 petere
780 4197 976 4280 exemplum,
987 4198 1043 4261 sed
1051 4198 1124 4263 dare
1136 4200 1251 4284 dignus
1262 4180 1338 4308 ion
1278 4218 1405 4320 afflingus

200 4306 278 4374 erat,
295 4297 378 4360 sicut
392 4297 515 4382 primus
530 4297 683 4361 extiterat
696 4297 729 4360 in
742 4298 988 4382 obligatione,
964 4322 1008 4362 src
1021 4301 1142 4384 primus
1152 4302 1250 4366 immo
1262 4319 1298 4358 the
1307 4318 1405 4360 emate·
