<?xml version="1.0" encoding="UTF-8"?>
<!DOCTYPE html PUBLIC "-//W3C//DTD XHTML 1.0 Transitional//EN"
    "http://www.w3.org/TR/xhtml1/DTD/xhtml1-transitional.dtd">
<html xmlns="http://www.w3.org/1999/xhtml" xml:lang="en" lang="en">
 <head>
  <title>
</title>
<meta http-equiv="Content-Type" content="text/html;charset=utf-8" />
  <meta name='ocr-system' content='tesseract 3.04.00' />
  <meta name='ocr-capabilities' content='ocr_page ocr_carea ocr_par ocr_line ocrx_word'/>
</head>
<body>
  <div class='ocr_page' id='page_1' title='image "./giralduscambren00giragoog_0188.png"; bbox 0 0 3000 5040; ppageno 0'>
   <div class='ocr_carea' id='block_1_1' title="bbox 424 464 1235 530">
    <p class='ocr_par' dir='ltr' id='par_1_1' title="bbox 424 464 1235 530">
     <span class='ocr_line' id='line_1_1' title="bbox 424 464 1235 530; baseline 0.006 -8"><span class='ocrx_word' id='word_1_1' title='bbox 424 472 473 522; x_wconf 80' lang='lat' dir='ltr'><strong>nn</strong></span> <span class='ocrx_word' id='word_1_2' title='bbox 495 472 760 525; x_wconf 80' lang='lat' dir='ltr'><strong>rnsrnocrrons</strong></span> <span class='ocrx_word' id='word_1_3' title='bbox 785 473 998 526; x_wconf 78' lang='lat' dir='ltr'><strong>remonon.</strong></span> <span class='ocrx_word' id='word_1_4' title='bbox 1172 464 1235 530; x_wconf 75' lang='lat'><strong>147</strong></span> 
     </span>
    </p>
   </div>
   <div class='ocr_carea' id='block_1_2' title="bbox 177 619 1237 3447">
    <p class='ocr_par' dir='ltr' id='par_1_2' title="bbox 178 619 1236 2022">
     <span class='ocr_line' id='line_1_2' title="bbox 222 619 1235 711; baseline 0.007 -27"><span class='ocrx_word' id='word_1_5' title='bbox 222 619 307 686; x_wconf 83' lang='lat' dir='ltr'><strong>Item</strong></span> <span class='ocrx_word' id='word_1_6' title='bbox 328 623 407 688; x_wconf 84' lang='lat' dir='ltr'><strong>facit</strong></span> <span class='ocrx_word' id='word_1_7' title='bbox 429 625 470 688; x_wconf 90' lang='lat' dir='ltr'><strong>ad</strong></span> <span class='ocrx_word' id='word_1_8' title='bbox 495 624 565 688; x_wconf 89' lang='lat' dir='ltr'><strong>haec</strong></span> <span class='ocrx_word' id='word_1_9' title='bbox 586 625 683 688; x_wconf 89' lang='lat' dir='ltr'><strong>etiam</strong></span> <span class='ocrx_word' id='word_1_10' title='bbox 704 625 938 690; x_wconf 86' lang='lat' dir='ltr'><strong>evidentissime</strong></span> <span class='ocrx_word' id='word_1_11' title='bbox 964 624 1051 710; x_wconf 91' lang='lat' dir='ltr'><strong>quod</strong></span> <span class='ocrx_word' id='word_1_12' title='bbox 1073 626 1107 690; x_wconf 92' lang='lat' dir='ltr'><strong>in</strong></span> <span class='ocrx_word' id='word_1_13' title='bbox 1133 625 1235 711; x_wconf 83' lang='lat' dir='ltr'><strong>Regis</strong></span> 
     </span>
     <span class='ocr_line' id='line_1_3' title="bbox 179 724 1235 812; baseline 0.008 -28"><span class='ocrx_word' id='word_1_14' title='bbox 179 724 322 806; x_wconf 91' lang='lat' dir='ltr'><strong>ejusdem</strong></span> <span class='ocrx_word' id='word_1_15' title='bbox 361 726 523 809; x_wconf 89' lang='lat' dir='ltr'><strong>regnantis</strong></span> <span class='ocrx_word' id='word_1_16' title='bbox 560 726 666 805; x_wconf 91' lang='lat' dir='ltr'><strong>initio,</strong></span> <span class='ocrx_word' id='word_1_17' title='bbox 701 736 793 812; x_wconf 89' lang='lat' dir='ltr'><strong>patre</strong></span> <span class='ocrx_word' id='word_1_18' title='bbox 825 727 1010 790; x_wconf 89' lang='lat' dir='ltr'><strong>felicissimo</strong></span> <span class='ocrx_word' id='word_1_19' title='bbox 1042 728 1110 812; x_wconf 88' lang='lat' dir='ltr'><strong>jam</strong></span> <span class='ocrx_word' id='word_1_20' title='bbox 1138 728 1235 793; x_wconf 91' lang='lat' dir='ltr'><strong>rebus</strong></span> 
     </span>
     <span class='ocr_line' id='line_1_4' title="bbox 180 823 1234 912; baseline 0.007 -26"><span class='ocrx_word' id='word_1_21' title='bbox 180 823 326 888; x_wconf 90' lang='lat' dir='ltr'><strong>humanis</strong></span> <span class='ocrx_word' id='word_1_22' title='bbox 348 837 511 912; x_wconf 87' lang='lat' dir='ltr'><strong>exempto,</strong></span> <span class='ocrx_word' id='word_1_23' title='bbox 536 839 569 891; x_wconf 90' lang='lat' dir='ltr'><strong>et</strong></span> <span class='ocrx_word' id='word_1_24' title='bbox 593 829 663 911; x_wconf 92' lang='lat' dir='ltr'><strong>ipso</strong></span> <span class='ocrx_word' id='word_1_25' title='bbox 688 827 926 892; x_wconf 91' lang='lat' dir='ltr'><strong>adolescentulo</strong></span> <span class='ocrx_word' id='word_1_26' title='bbox 949 828 1052 891; x_wconf 91' lang='lat' dir='ltr'><strong>adhuc</strong></span> <span class='ocrx_word' id='word_1_27' title='bbox 1075 829 1234 893; x_wconf 84' lang='lat' dir='ltr'><strong>existente</strong></span> 
     </span>
     <span class='ocr_line' id='line_1_5' title="bbox 180 925 1236 1014; baseline 0.007 -26"><span class='ocrx_word' id='word_1_28' title='bbox 180 925 310 1002; x_wconf 90' lang='lat' dir='ltr'><strong>tenello,</strong></span> <span class='ocrx_word' id='word_1_29' title='bbox 325 950 397 990; x_wconf 92' lang='lat' dir='ltr'><strong>cum</strong></span> <span class='ocrx_word' id='word_1_30' title='bbox 423 929 601 992; x_wconf 87' lang='lat' dir='ltr'><strong>exercitum</strong></span> <span class='ocrx_word' id='word_1_31' title='bbox 625 929 770 992; x_wconf 88' lang='lat' dir='ltr'><strong>Franciae</strong></span> <span class='ocrx_word' id='word_1_32' title='bbox 797 931 883 1014; x_wconf 90' lang='lat' dir='ltr'><strong>apud</strong></span> <span class='ocrx_word' id='word_1_33' title='bbox 910 931 1023 992; x_wconf 89' lang='lat' dir='ltr'><strong>urbem</strong></span> <span class='ocrx_word' id='word_1_34' title='bbox 1038 929 1236 996; x_wconf 86' lang='lat' dir='ltr'><strong>Ambianen·</strong></span> 
     </span>
     <span class='ocr_line' id='line_1_6' title="bbox 180 1028 1234 1117; baseline 0.009 -29"><span class='ocrx_word' id='word_1_35' title='bbox 180 1049 247 1089; x_wconf 90' lang='lat' dir='ltr'><strong>sem</strong></span> <span class='ocrx_word' id='word_1_36' title='bbox 275 1028 309 1090; x_wconf 91' lang='lat' dir='ltr'><strong>in</strong></span> <span class='ocrx_word' id='word_1_37' title='bbox 334 1029 492 1093; x_wconf 85' lang='lat' dir='ltr'><strong>Comitem</strong></span> <span class='ocrx_word' id='word_1_38' title='bbox 516 1030 675 1094; x_wconf 89' lang='lat' dir='ltr'><strong>Flandriae</strong></span> <span class='ocrx_word' id='word_1_39' title='bbox 704 1031 894 1116; x_wconf 88' lang='lat' dir='ltr'>Philippum</span> <span class='ocrx_word' id='word_1_40' title='bbox 919 1032 1151 1109; x_wconf 86' lang='lat' dir='ltr'><strong>coadunasset,¹</strong></span> <span class='ocrx_word' id='word_1_41' title='bbox 1178 1033 1234 1117; x_wconf 93' lang='lat' dir='ltr'><strong>qui</strong></span> 
     </span>
     <span class='ocr_line' id='line_1_7' title="bbox 180 1128 1234 1219; baseline 0.005 -27"><span class='ocrx_word' id='word_1_42' title='bbox 180 1128 400 1192; x_wconf 91' lang='lat' dir='ltr'><strong>Viromanniae</strong></span> <span class='ocrx_word' id='word_1_43' title='bbox 415 1131 612 1207; x_wconf 92' lang='lat' dir='ltr'><strong>comitatum,</strong></span> <span class='ocrx_word' id='word_1_44' title='bbox 626 1132 795 1195; x_wconf 89' lang='lat' dir='ltr'><strong>Comitissa</strong></span> <span class='ocrx_word' id='word_1_45' title='bbox 809 1143 843 1195; x_wconf 93' lang='lat' dir='ltr'><strong>et</strong></span> <span class='ocrx_word' id='word_1_46' title='bbox 856 1132 973 1195; x_wconf 89' lang='lat' dir='ltr'><strong>herede</strong></span> <span class='ocrx_word' id='word_1_47' title='bbox 990 1132 1124 1196; x_wconf 89' lang='lat' dir='ltr'><strong>Comitis</strong></span> <span class='ocrx_word' id='word_1_48' title='bbox 1139 1157 1234 1219; x_wconf 87' lang='lat' dir='ltr'><strong>spon-</strong></span> 
     </span>
     <span class='ocr_line' id='line_1_8' title="bbox 180 1232 1234 1319; baseline 0.006 -27"><span class='ocrx_word' id='word_1_49' title='bbox 180 1252 224 1308; x_wconf 89' lang='lat' dir='ltr'><strong>sa,</strong></span> <span class='ocrx_word' id='word_1_50' title='bbox 234 1232 355 1315; x_wconf 86' lang='lat' dir='ltr'><strong>absque</strong></span> <span class='ocrx_word' id='word_1_51' title='bbox 370 1232 479 1295; x_wconf 91' lang='lat' dir='ltr'><strong>liberis</strong></span> <span class='ocrx_word' id='word_1_52' title='bbox 494 1243 527 1295; x_wconf 92' lang='lat' dir='ltr'><strong>et</strong></span> <span class='ocrx_word' id='word_1_53' title='bbox 539 1233 657 1295; x_wconf 89' lang='lat' dir='ltr'><strong>herede</strong></span> <span class='ocrx_word' id='word_1_54' title='bbox 672 1233 834 1310; x_wconf 83' lang='lat' dir='ltr'><strong>defuncta,</strong></span> <span class='ocrx_word' id='word_1_55' title='bbox 845 1233 989 1296; x_wconf 90' lang='lat' dir='ltr'><strong>detinere</strong></span> <span class='ocrx_word' id='word_1_56' title='bbox 1004 1235 1234 1319; x_wconf 70' lang='lat' dir='ltr'><strong>praesumpsit,⁵2</strong></span> 
     </span>
     <span class='ocr_line' id='line_1_9' title="bbox 180 1333 1232 1418; baseline 0.005 -24"><span class='ocrx_word' id='word_1_57' title='bbox 180 1333 333 1396; x_wconf 90' lang='lat' dir='ltr'><strong>consertis</strong></span> <span class='ocrx_word' id='word_1_58' title='bbox 341 1333 463 1396; x_wconf 88' lang='lat' dir='ltr'><strong>viribus</strong></span> <span class='ocrx_word' id='word_1_59' title='bbox 472 1343 505 1396; x_wconf 90' lang='lat' dir='ltr'><strong>et</strong></span> <span class='ocrx_word' id='word_1_60' title='bbox 517 1335 557 1397; x_wconf 91' lang='lat' dir='ltr'><strong>ad</strong></span> <span class='ocrx_word' id='word_1_61' title='bbox 566 1334 837 1418; x_wconf 89' lang='lat' dir='ltr'><strong>congrediendum</strong></span> <span class='ocrx_word' id='word_1_62' title='bbox 850 1333 1010 1397; x_wconf 87' lang='lat' dir='ltr'><strong>hostiliter</strong></span> <span class='ocrx_word' id='word_1_63' title='bbox 1020 1335 1089 1418; x_wconf 85' lang='lat' dir='ltr'><strong>jam</strong></span> <span class='ocrx_word' id='word_1_64' title='bbox 1102 1337 1232 1418; x_wconf 87' lang='lat' dir='ltr'><strong>paratis,</strong></span> 
     </span>
     <span class='ocr_line' id='line_1_10' title="bbox 178 1433 1234 1519; baseline 0.005 -24"><span class='ocrx_word' id='word_1_65' title='bbox 178 1434 314 1497; x_wconf 90' lang='lat' dir='ltr'><strong>barones</strong></span> <span class='ocrx_word' id='word_1_66' title='bbox 329 1434 474 1497; x_wconf 76' lang='lat' dir='ltr'><strong>Franciae</strong></span> <span class='ocrx_word' id='word_1_67' title='bbox 496 1435 633 1498; x_wconf 87' lang='lat' dir='ltr'><strong>scientes</strong></span> <span class='ocrx_word' id='word_1_68' title='bbox 650 1437 748 1519; x_wconf 87' lang='lat' dir='ltr'><strong>juxta</strong></span> <span class='ocrx_word' id='word_1_69' title='bbox 764 1433 887 1498; x_wconf 88' lang='lat' dir='ltr'>Comici</span> <span class='ocrx_word' id='word_1_70' title='bbox 907 1435 1111 1511; x_wconf 89' lang='lat' dir='ltr'><strong>seutentiam,</strong></span> <span class='ocrx_word' id='word_1_71' title='bbox 1127 1437 1234 1500; x_wconf 90' lang='lat' dir='ltr'><strong>omnia</strong></span> 
     </span>
     <span class='ocr_line' id='line_1_11' title="bbox 178 1535 1233 1620; baseline 0.005 -25"><span class='ocrx_word' id='word_1_72' title='bbox 178 1535 366 1616; x_wconf 89' lang='lat' dir='ltr'><strong>priusquam</strong></span> <span class='ocrx_word' id='word_1_73' title='bbox 393 1557 481 1598; x_wconf 92' lang='lat' dir='ltr'><strong>arma</strong></span> <span class='ocrx_word' id='word_1_74' title='bbox 512 1536 648 1620; x_wconf 90' lang='lat' dir='ltr'><strong>sapienti</strong></span> <span class='ocrx_word' id='word_1_75' title='bbox 676 1535 838 1612; x_wconf 89' lang='lat' dir='ltr'><strong>tentanda,</strong></span> <span class='ocrx_word' id='word_1_76' title='bbox 870 1536 909 1598; x_wconf 91' lang='lat' dir='ltr'><strong>de</strong></span> <span class='ocrx_word' id='word_1_77' title='bbox 945 1558 1024 1620; x_wconf 88' lang='lat' dir='ltr'><strong>pace</strong></span> <span class='ocrx_word' id='word_1_78' title='bbox 1059 1545 1233 1606; x_wconf 87' lang='lat' dir='ltr'><strong>tractatum</strong></span> 
     </span>
     <span class='ocr_line' id='line_1_12' title="bbox 180 1634 1233 1722; baseline 0.004 -25"><span class='ocrx_word' id='word_1_79' title='bbox 180 1634 363 1698; x_wconf 85' lang='lat' dir='ltr'><strong>habendmn</strong></span> <span class='ocrx_word' id='word_1_80' title='bbox 378 1637 588 1700; x_wconf 91' lang='lat' dir='ltr'><strong>communiter</strong></span> <span class='ocrx_word' id='word_1_81' title='bbox 603 1647 806 1701; x_wconf 89' lang='lat' dir='ltr'><strong>censuerunt.</strong></span> <span class='ocrx_word' id='word_1_82' title='bbox 850 1636 955 1700; x_wconf 84' lang='lat' dir='ltr'><strong>Erant</strong></span> <span class='ocrx_word' id='word_1_83' title='bbox 977 1636 1098 1722; x_wconf 89' lang='lat' dir='ltr'><strong>quippe</strong></span> <span class='ocrx_word' id='word_1_84' title='bbox 1122 1659 1233 1722; x_wconf 90' lang='lat' dir='ltr'><strong>quam-</strong></span> 
     </span>
     <span class='ocr_line' id='line_1_13' title="bbox 178 1735 1233 1822; baseline 0.005 -25"><span class='ocrx_word' id='word_1_85' title='bbox 178 1735 309 1819; x_wconf 88' lang='lat' dir='ltr'><strong>plurimi</strong></span> <span class='ocrx_word' id='word_1_86' title='bbox 330 1737 382 1799; x_wconf 90' lang='lat' dir='ltr'><strong>vel</strong></span> <span class='ocrx_word' id='word_1_87' title='bbox 402 1760 497 1821; x_wconf 83' lang='lat' dir='ltr'><strong>prece</strong></span> <span class='ocrx_word' id='word_1_88' title='bbox 511 1737 561 1800; x_wconf 88' lang='lat' dir='ltr'><strong>vel</strong></span> <span class='ocrx_word' id='word_1_89' title='bbox 582 1738 688 1822; x_wconf 88' lang='lat' dir='ltr'><strong>pretio</strong></span> <span class='ocrx_word' id='word_1_90' title='bbox 700 1737 753 1800; x_wconf 86' lang='lat' dir='ltr'><strong>vel</strong></span> <span class='ocrx_word' id='word_1_91' title='bbox 774 1737 945 1800; x_wconf 88' lang='lat' dir='ltr'><strong>dilectione</strong></span> <span class='ocrx_word' id='word_1_92' title='bbox 967 1760 1025 1800; x_wconf 92' lang='lat' dir='ltr'><strong>seu</strong></span> <span class='ocrx_word' id='word_1_93' title='bbox 1043 1738 1233 1822; x_wconf 83' lang='lat' dir='ltr'><strong>cognatione</strong></span> 
     </span>
     <span class='ocr_line' id='line_1_14' title="bbox 182 1836 1232 1925; baseline 0.006 -27"><span class='ocrx_word' id='word_1_94' title='bbox 182 1836 316 1900; x_wconf 88' lang='lat' dir='ltr'><strong>Comitis</strong></span> <span class='ocrx_word' id='word_1_95' title='bbox 341 1840 434 1922; x_wconf 86' lang='lat' dir='ltr'><strong>parti,</strong></span> <span class='ocrx_word' id='word_1_96' title='bbox 456 1841 513 1924; x_wconf 92' lang='lat' dir='ltr'><strong>qui</strong></span> <span class='ocrx_word' id='word_1_97' title='bbox 533 1840 583 1904; x_wconf 87' lang='lat' dir='ltr'><strong>vir</strong></span> <span class='ocrx_word' id='word_1_98' title='bbox 607 1849 675 1903; x_wconf 88' lang='lat' dir='ltr'><strong>erat</strong></span> <span class='ocrx_word' id='word_1_99' title='bbox 693 1839 810 1903; x_wconf 88' lang='lat' dir='ltr'><strong>virium</strong></span> <span class='ocrx_word' id='word_1_100' title='bbox 831 1861 1018 1922; x_wconf 86' lang='lat' dir='ltr'><strong>magnarum</strong></span> <span class='ocrx_word' id='word_1_101' title='bbox 1040 1840 1232 1925; x_wconf 86' lang='lat' dir='ltr'><strong>grandisque</strong></span> 
     </span>
     <span class='ocr_line' id='line_1_15' title="bbox 178 1939 812 2022; baseline 0.006 -22"><span class='ocrx_word' id='word_1_102' title='bbox 178 1939 335 2022; x_wconf 89' lang='lat' dir='ltr'><strong>potentiae</strong></span> <span class='ocrx_word' id='word_1_103' title='bbox 345 1940 452 2018; x_wconf 92' lang='lat' dir='ltr'><strong>nimis,</strong></span> <span class='ocrx_word' id='word_1_104' title='bbox 467 1941 609 2005; x_wconf 83' lang='lat' dir='ltr'><strong>fautores</strong></span> <span class='ocrx_word' id='word_1_105' title='bbox 623 1941 812 2005; x_wconf 82' lang='lat' dir='ltr'><strong>existentes.</strong></span> 
     </span>
    </p>

    <p class='ocr_par' dir='ltr' id='par_1_3' title="bbox 177 2039 1237 3447">
     <span class='ocr_line' id='line_1_16' title="bbox 224 2039 1234 2128; baseline 0.004 -26"><span class='ocrx_word' id='word_1_106' title='bbox 224 2039 306 2103; x_wconf 87' lang='lat' dir='ltr'><strong>Cum</strong></span> <span class='ocrx_word' id='word_1_107' title='bbox 330 2041 432 2124; x_wconf 90' lang='lat' dir='ltr'><strong>igitur</strong></span> <span class='ocrx_word' id='word_1_108' title='bbox 454 2063 552 2127; x_wconf 92' lang='lat' dir='ltr'><strong>super</strong></span> <span class='ocrx_word' id='word_1_109' title='bbox 574 2042 637 2107; x_wconf 93' lang='lat' dir='ltr'><strong>hoc</strong></span> <span class='ocrx_word' id='word_1_110' title='bbox 661 2042 827 2106; x_wconf 89' lang='lat' dir='ltr'><strong>tractando</strong></span> <span class='ocrx_word' id='word_1_111' title='bbox 852 2053 1016 2126; x_wconf 83' lang='lat' dir='ltr'><strong>magnates</strong></span> <span class='ocrx_word' id='word_1_112' title='bbox 1034 2042 1103 2128; x_wconf 88' lang='lat' dir='ltr'><strong>jam</strong></span> <span class='ocrx_word' id='word_1_113' title='bbox 1125 2064 1234 2106; x_wconf 90' lang='lat' dir='ltr'><strong>conse·</strong></span> 
     </span>
     <span class='ocr_line' id='line_1_17' title="bbox 180 2140 1235 2228; baseline 0.002 -24"><span class='ocrx_word' id='word_1_114' title='bbox 180 2140 310 2218; x_wconf 90' lang='lat' dir='ltr'><strong>dissent,</strong></span> <span class='ocrx_word' id='word_1_115' title='bbox 333 2141 426 2228; x_wconf 86' lang='lat' dir='ltr'><strong>Rege</strong></span> <span class='ocrx_word' id='word_1_116' title='bbox 454 2165 597 2208; x_wconf 86' lang='lat' dir='ltr'><strong>seorsum</strong></span> <span class='ocrx_word' id='word_1_117' title='bbox 619 2143 747 2207; x_wconf 86' lang='lat' dir='ltr'><strong>interim</strong></span> <span class='ocrx_word' id='word_1_118' title='bbox 768 2165 941 2227; x_wconf 88' lang='lat' dir='ltr'><strong>parumper</strong></span> <span class='ocrx_word' id='word_1_119' title='bbox 962 2152 1082 2221; x_wconf 90' lang='lat' dir='ltr'><strong>amoto,</strong></span> <span class='ocrx_word' id='word_1_120' title='bbox 1102 2143 1235 2207; x_wconf 88' lang='lat' dir='ltr'><strong>sedebat</strong></span> 
     </span>
     <span class='ocr_line' id='line_1_18' title="bbox 178 2241 1237 2327; baseline 0.006 -24"><span class='ocrx_word' id='word_1_121' title='bbox 178 2241 248 2326; x_wconf 88' lang='lat' dir='ltr'><strong>ipse</strong></span> <span class='ocrx_word' id='word_1_122' title='bbox 261 2242 382 2326; x_wconf 87' lang='lat' dir='ltr'><strong>virgam</strong></span> <span class='ocrx_word' id='word_1_123' title='bbox 398 2245 437 2307; x_wconf 89' lang='lat' dir='ltr'><strong>de</strong></span> <span class='ocrx_word' id='word_1_124' title='bbox 453 2244 562 2308; x_wconf 87' lang='lat' dir='ltr'><strong>corulo</strong></span> <span class='ocrx_word' id='word_1_125' title='bbox 575 2245 670 2309; x_wconf 84' lang='lat' dir='ltr'><strong>viridi</strong></span> <span class='ocrx_word' id='word_1_126' title='bbox 683 2266 782 2308; x_wconf 86' lang='lat' dir='ltr'><strong>manu</strong></span> <span class='ocrx_word' id='word_1_127' title='bbox 797 2254 918 2318; x_wconf 90' lang='lat' dir='ltr'><strong>tenens,</strong></span> <span class='ocrx_word' id='word_1_128' title='bbox 935 2265 1069 2327; x_wconf 89' lang='lat' dir='ltr'><strong>eamque</strong></span> <span class='ocrx_word' id='word_1_129' title='bbox 1082 2244 1237 2308; x_wconf 87' lang='lat' dir='ltr'><strong>dentibus</strong></span> 
     </span>
     <span class='ocr_line' id='line_1_19' title="bbox 177 2344 1234 2429; baseline 0.003 -23"><span class='ocrx_word' id='word_1_130' title='bbox 177 2344 305 2421; x_wconf 88' lang='lat' dir='ltr'><strong>rodens,</strong></span> <span class='ocrx_word' id='word_1_131' title='bbox 331 2355 365 2407; x_wconf 92' lang='lat' dir='ltr'><strong>et</strong></span> <span class='ocrx_word' id='word_1_132' title='bbox 393 2345 509 2408; x_wconf 88' lang='lat' dir='ltr'><strong>acriter</strong></span> <span class='ocrx_word' id='word_1_133' title='bbox 537 2345 682 2429; x_wconf 90' lang='lat' dir='ltr'><strong>undique</strong></span> <span class='ocrx_word' id='word_1_134' title='bbox 707 2345 974 2429; x_wconf 88' lang='lat' dir='ltr'><strong>circumspiciens.</strong></span> <span class='ocrx_word' id='word_1_135' title='bbox 1031 2344 1130 2410; x_wconf 85' lang='lat' dir='ltr'><strong>Quod</strong></span> <span class='ocrx_word' id='word_1_136' title='bbox 1160 2367 1234 2409; x_wconf 89' lang='lat' dir='ltr'><strong>cum</strong></span> 
     </span>
     <span class='ocr_line' id='line_1_20' title="bbox 179 2447 1234 2534; baseline 0.002 -22"><span class='ocrx_word' id='word_1_137' title='bbox 179 2449 313 2512; x_wconf 88' lang='lat' dir='ltr'><strong>barones</strong></span> <span class='ocrx_word' id='word_1_138' title='bbox 327 2451 580 2534; x_wconf 86' lang='lat' dir='ltr'><strong>conspexissent,</strong></span> <span class='ocrx_word' id='word_1_139' title='bbox 595 2460 779 2534; x_wconf 89' lang='lat' dir='ltr'><strong>statumque</strong></span> <span class='ocrx_word' id='word_1_140' title='bbox 791 2449 919 2534; x_wconf 87' lang='lat' dir='ltr'><strong>juvenis</strong></span> <span class='ocrx_word' id='word_1_141' title='bbox 941 2447 1029 2512; x_wconf 83' lang='lat' dir='ltr'><strong>illius</strong></span> <span class='ocrx_word' id='word_1_142' title='bbox 1051 2458 1085 2512; x_wconf 89' lang='lat' dir='ltr'><strong>et</strong></span> <span class='ocrx_word' id='word_1_143' title='bbox 1106 2460 1234 2532; x_wconf 88' lang='lat' dir='ltr'><strong>gestum</strong></span> 
     </span>
     <span class='ocr_line' id='line_1_21' title="bbox 178 2549 1234 2626; baseline 0.003 -15"><span class='ocrx_word' id='word_1_144' title='bbox 178 2549 212 2612; x_wconf 93' lang='lat' dir='ltr'><strong>in</strong></span> <span class='ocrx_word' id='word_1_145' title='bbox 240 2550 301 2614; x_wconf 93' lang='lat' dir='ltr'><strong>hoc</strong></span> <span class='ocrx_word' id='word_1_146' title='bbox 330 2552 465 2615; x_wconf 92' lang='lat' dir='ltr'><strong>articulo</strong></span> <span class='ocrx_word' id='word_1_147' title='bbox 493 2575 567 2615; x_wconf 92' lang='lat' dir='ltr'><strong>cum</strong></span> <span class='ocrx_word' id='word_1_148' title='bbox 593 2551 802 2614; x_wconf 90' lang='lat' dir='ltr'><strong>admiratione</strong></span> <span class='ocrx_word' id='word_1_149' title='bbox 830 2560 1006 2626; x_wconf 86' lang='lat' dir='ltr'><strong>notassent,</strong></span> <span class='ocrx_word' id='word_1_150' title='bbox 1034 2549 1121 2613; x_wconf 85' lang='lat' dir='ltr'><strong>dixit</strong></span> <span class='ocrx_word' id='word_1_151' title='bbox 1148 2571 1234 2614; x_wconf 84' lang='lat' dir='ltr'><strong>unus</strong></span> 
     </span>
     <span class='ocr_line' id='line_1_22' title="bbox 179 2651 1233 2738; baseline 0 -24"><span class='ocrx_word' id='word_1_152' title='bbox 179 2674 290 2714; x_wconf 89' lang='lat' dir='ltr'><strong>eorum</strong></span> <span class='ocrx_word' id='word_1_153' title='bbox 305 2653 392 2736; x_wconf 93' lang='lat' dir='ltr'><strong>quod</strong></span> <span class='ocrx_word' id='word_1_154' title='bbox 407 2675 527 2738; x_wconf 92' lang='lat' dir='ltr'><strong>equum</strong></span> <span class='ocrx_word' id='word_1_155' title='bbox 541 2655 663 2716; x_wconf 92' lang='lat' dir='ltr'><strong>bonum</strong></span> <span class='ocrx_word' id='word_1_156' title='bbox 687 2653 736 2715; x_wconf 92' lang='lat' dir='ltr'><strong>illi</strong></span> <span class='ocrx_word' id='word_1_157' title='bbox 751 2653 851 2729; x_wconf 88' lang='lat' dir='ltr'><strong>daret,</strong></span> <span class='ocrx_word' id='word_1_158' title='bbox 868 2652 925 2735; x_wconf 91' lang='lat' dir='ltr'><strong>qui</strong></span> <span class='ocrx_word' id='word_1_159' title='bbox 945 2651 1122 2734; x_wconf 86' lang='lat' dir='ltr'><strong>cogitatum</strong></span> <span class='ocrx_word' id='word_1_160' title='bbox 1144 2652 1233 2734; x_wconf 88' lang='lat' dir='ltr'><strong>prin·</strong></span> 
     </span>
     <span class='ocr_line' id='line_1_23' title="bbox 179 2751 1232 2836; baseline 0.004 -22"><span class='ocrx_word' id='word_1_161' title='bbox 179 2752 258 2836; x_wconf 91' lang='lat' dir='ltr'><strong>cipis</strong></span> <span class='ocrx_word' id='word_1_162' title='bbox 285 2754 315 2816; x_wconf 87' lang='lat' dir='ltr'><strong>ei</strong></span> <span class='ocrx_word' id='word_1_163' title='bbox 340 2754 505 2819; x_wconf 88' lang='lat' dir='ltr'><strong>revelaret.</strong></span> <span class='ocrx_word' id='word_1_164' title='bbox 551 2754 651 2820; x_wconf 87' lang='lat' dir='ltr'><strong>Quod</strong></span> <span class='ocrx_word' id='word_1_165' title='bbox 673 2755 805 2818; x_wconf 87' lang='lat' dir='ltr'><strong>audiens</strong></span> <span class='ocrx_word' id='word_1_166' title='bbox 831 2754 952 2816; x_wconf 87' lang='lat' dir='ltr'><strong>lecator</strong></span> <span class='ocrx_word' id='word_1_167' title='bbox 977 2751 1108 2836; x_wconf 89' lang='lat' dir='ltr'><strong>quidam</strong></span> <span class='ocrx_word' id='word_1_168' title='bbox 1123 2752 1232 2818; x_wconf 86' lang='lat' dir='ltr'><strong>statim</strong></span> 
     </span>
     <span class='ocr_line' id='line_1_24' title="bbox 179 2853 1232 2939; baseline 0.001 -23"><span class='ocrx_word' id='word_1_169' title='bbox 179 2854 312 2917; x_wconf 90' lang='lat' dir='ltr'><strong>exiliens</strong></span> <span class='ocrx_word' id='word_1_170' title='bbox 338 2856 378 2918; x_wconf 92' lang='lat' dir='ltr'><strong>ad</strong></span> <span class='ocrx_word' id='word_1_171' title='bbox 408 2856 534 2939; x_wconf 86' lang='lat' dir='ltr'><strong>Regem</strong></span> <span class='ocrx_word' id='word_1_172' title='bbox 561 2856 693 2919; x_wconf 88' lang='lat' dir='ltr'><strong>accessit</strong></span> <span class='ocrx_word' id='word_1_173' title='bbox 720 2878 835 2939; x_wconf 86' lang='lat' dir='ltr'><strong>rogans</strong></span> <span class='ocrx_word' id='word_1_174' title='bbox 865 2865 899 2918; x_wconf 89' lang='lat' dir='ltr'><strong>et</strong></span> <span class='ocrx_word' id='word_1_175' title='bbox 926 2863 1050 2939; x_wconf 81' lang='lat' dir='ltr'><strong>petam,</strong></span> <span class='ocrx_word' id='word_1_176' title='bbox 1081 2853 1232 2937; x_wconf 89' lang='lat' dir='ltr'><strong>quatinus</strong></span> 
     </span>
     <span class='ocr_line' id='line_1_25' title="bbox 178 2953 1232 3042; baseline 0.001 -26"><span class='ocrx_word' id='word_1_177' title='bbox 178 2955 294 3018; x_wconf 88' lang='lat' dir='ltr'><strong>mentis</strong></span> <span class='ocrx_word' id='word_1_178' title='bbox 312 2978 380 3019; x_wconf 88' lang='lat' dir='ltr'><strong>suae</strong></span> <span class='ocrx_word' id='word_1_179' title='bbox 396 2967 587 3042; x_wconf 92' lang='lat' dir='ltr'><strong>conceptum</strong></span> <span class='ocrx_word' id='word_1_180' title='bbox 608 2957 791 3041; x_wconf 87' lang='lat' dir='ltr'><strong>aperiendo,</strong></span> <span class='ocrx_word' id='word_1_181' title='bbox 808 2978 929 3041; x_wconf 92' lang='lat' dir='ltr'><strong>equum</strong></span> <span class='ocrx_word' id='word_1_182' title='bbox 953 2955 1014 3018; x_wconf 90' lang='lat' dir='ltr'><strong>sub</strong></span> <span class='ocrx_word' id='word_1_183' title='bbox 1037 2953 1095 3017; x_wconf 84' lang='lat' dir='ltr'><strong>tali</strong></span> <span class='ocrx_word' id='word_1_184' title='bbox 1120 2964 1232 3018; x_wconf 89' lang='lat' dir='ltr'><strong>tenore</strong></span> 
     </span>
     <span class='ocr_line' id='line_1_26' title="bbox 177 3055 1232 3143; baseline 0.003 -25"><span class='ocrx_word' id='word_1_185' title='bbox 177 3056 369 3138; x_wconf 90' lang='lat' dir='ltr'><strong>promissum</strong></span> <span class='ocrx_word' id='word_1_186' title='bbox 394 3057 466 3121; x_wconf 91' lang='lat' dir='ltr'><strong>sibi·</strong></span> <span class='ocrx_word' id='word_1_187' title='bbox 483 3069 636 3143; x_wconf 89' lang='lat' dir='ltr'><strong>tanquam</strong></span> <span class='ocrx_word' id='word_1_188' title='bbox 660 3079 703 3120; x_wconf 92' lang='lat' dir='ltr'><strong>ex</strong></span> <span class='ocrx_word' id='word_1_189' title='bbox 729 3058 813 3121; x_wconf 93' lang='lat' dir='ltr'><strong>dono</strong></span> <span class='ocrx_word' id='word_1_190' title='bbox 837 3079 895 3121; x_wconf 93' lang='lat' dir='ltr'><strong>suo</strong></span> <span class='ocrx_word' id='word_1_191' title='bbox 919 3055 1030 3120; x_wconf 89' lang='lat' dir='ltr'><strong>datum</strong></span> <span class='ocrx_word' id='word_1_192' title='bbox 1060 3055 1232 3121; x_wconf 86' lang='lat' dir='ltr'><strong>conferret.</strong></span> 
     </span>
     <span class='ocr_line' id='line_1_27' title="bbox 178 3156 1232 3244; baseline 0.002 -24"><span class='ocrx_word' id='word_1_193' title='bbox 178 3157 256 3220; x_wconf 78' lang='lat' dir='ltr'><strong>Rex</strong></span> <span class='ocrx_word' id='word_1_194' title='bbox 292 3170 401 3222; x_wconf 90' lang='lat' dir='ltr'><strong>autem</strong></span> <span class='ocrx_word' id='word_1_195' title='bbox 442 3159 502 3237; x_wconf 88' lang='lat' dir='ltr'><strong>illi,</strong></span> <span class='ocrx_word' id='word_1_196' title='bbox 539 3182 635 3244; x_wconf 89' lang='lat' dir='ltr'><strong>quem</strong></span> <span class='ocrx_word' id='word_1_197' title='bbox 673 3181 739 3222; x_wconf 91' lang='lat' dir='ltr'><strong>non</strong></span> <span class='ocrx_word' id='word_1_198' title='bbox 775 3157 923 3242; x_wconf 87' lang='lat' dir='ltr'><strong>ignotum</strong></span> <span class='ocrx_word' id='word_1_199' title='bbox 959 3156 1109 3233; x_wconf 88' lang='lat' dir='ltr'><strong>habebat,</strong></span> <span class='ocrx_word' id='word_1_200' title='bbox 1144 3157 1232 3222; x_wconf 92' lang='lat' dir='ltr'><strong>illico</strong></span> 
     </span>
     <span class='ocr_line' id='line_1_28' title="bbox 178 3258 1234 3347; baseline 0.002 -26"><span class='ocrx_word' id='word_1_201' title='bbox 178 3259 295 3322; x_wconf 84' lang='lat' dir='ltr'><strong>mentis</strong></span> <span class='ocrx_word' id='word_1_202' title='bbox 309 3283 422 3324; x_wconf 88' lang='lat' dir='ltr'><strong>arcana</strong></span> <span class='ocrx_word' id='word_1_203' title='bbox 436 3261 481 3325; x_wconf 93' lang='lat' dir='ltr'><strong>sic</strong></span> <span class='ocrx_word' id='word_1_204' title='bbox 496 3262 643 3347; x_wconf 85' lang='lat' dir='ltr'><strong>aperuit:</strong></span> <span class='ocrx_word' id='word_1_205' title='bbox 667 3260 878 3326; x_wconf 85' lang='lat' dir='ltr'><strong>“Volvcbam</strong></span> <span class='ocrx_word' id='word_1_206' title='bbox 891 3258 983 3336; x_wconf 88' lang='lat' dir='ltr'><strong>hoc‚”</strong></span> <span class='ocrx_word' id='word_1_207' title='bbox 997 3258 1117 3342; x_wconf 90' lang='lat' dir='ltr'><strong>inquit,</strong></span> <span class='ocrx_word' id='word_1_208' title='bbox 1133 3263 1156 3294; x_wconf 90' lang='lat'><strong>“</strong></span> <span class='ocrx_word' id='word_1_209' title='bbox 1165 3259 1234 3323; x_wconf 91' lang='lat' dir='ltr'><strong>ani-</strong></span> 
     </span>
     <span class='ocr_line' id='line_1_29' title="bbox 177 3359 1233 3447; baseline 0.001 -24"><span class='ocrx_word' id='word_1_210' title='bbox 177 3383 240 3437; x_wconf 92' lang='lat' dir='ltr'><strong>mo,</strong></span> <span class='ocrx_word' id='word_1_211' title='bbox 256 3372 367 3426; x_wconf 91' lang='lat' dir='ltr'><strong>utrum</strong></span> <span class='ocrx_word' id='word_1_212' title='bbox 381 3362 449 3426; x_wconf 93' lang='lat' dir='ltr'><strong>ullo</strong></span> <span class='ocrx_word' id='word_1_213' title='bbox 463 3386 606 3447; x_wconf 92' lang='lat' dir='ltr'><strong>unquam</strong></span> <span class='ocrx_word' id='word_1_214' title='bbox 627 3374 772 3447; x_wconf 90' lang='lat' dir='ltr'><strong>tempore</strong></span> <span class='ocrx_word' id='word_1_215' title='bbox 786 3361 879 3438; x_wconf 91' lang='lat' dir='ltr'><strong>mihi,</strong></span> <span class='ocrx_word' id='word_1_216' title='bbox 892 3359 944 3424; x_wconf 91' lang='lat' dir='ltr'><strong>vel</strong></span> <span class='ocrx_word' id='word_1_217' title='bbox 966 3360 1021 3423; x_wconf 86' lang='lat' dir='ltr'><strong>alii</strong></span> <span class='ocrx_word' id='word_1_218' title='bbox 1036 3359 1233 3424; x_wconf 86' lang='lat' dir='ltr'><strong>Francorum</strong></span> 
     </span>
    </p>
   </div>
   <div class='ocr_carea' id='block_1_3' title="bbox 176 3461 1231 3648">
    <p class='ocr_par' dir='ltr' id='par_1_4' title="bbox 176 3461 1231 3648">
     <span class='ocr_line' id='line_1_30' title="bbox 179 3461 1230 3549; baseline -0.001 -25"><span class='ocrx_word' id='word_1_219' title='bbox 179 3461 275 3545; x_wconf 64' lang='lat' dir='ltr'><strong>Regi</strong></span> <span class='ocrx_word' id='word_1_220' title='bbox 299 3463 391 3526; x_wconf 92' lang='lat' dir='ltr'><strong>Deus</strong></span> <span class='ocrx_word' id='word_1_221' title='bbox 416 3464 497 3527; x_wconf 91' lang='lat' dir='ltr'><strong>hanc</strong></span> <span class='ocrx_word' id='word_1_222' title='bbox 520 3466 656 3549; x_wconf 88' lang='lat' dir='ltr'><strong>gratiam</strong></span> <span class='ocrx_word' id='word_1_223' title='bbox 686 3465 760 3526; x_wconf 88' lang='lat' dir='ltr'><strong>dare</strong></span> <span class='ocrx_word' id='word_1_224' title='bbox 787 3463 947 3545; x_wconf 86' lang='lat' dir='ltr'><strong>dignetur,</strong></span> <span class='ocrx_word' id='word_1_225' title='bbox 974 3461 1061 3543; x_wconf 94' lang='lat' dir='ltr'><strong>quod</strong></span> <span class='ocrx_word' id='word_1_226' title='bbox 1087 3461 1230 3524; x_wconf 89' lang='lat' dir='ltr'><strong>Franciae</strong></span> 
     </span>
     <span class='ocr_line' id='line_1_31' title="bbox 176 3559 1231 3648; baseline 0.001 -25"><span class='ocrx_word' id='word_1_227' title='bbox 176 3583 312 3643; x_wconf 84' lang='lat' dir='ltr'><strong>regnum</strong></span> <span class='ocrx_word' id='word_1_228' title='bbox 344 3565 379 3625; x_wconf 90' lang='lat' dir='ltr'><strong>in</strong></span> <span class='ocrx_word' id='word_1_229' title='bbox 419 3573 538 3627; x_wconf 91' lang='lat' dir='ltr'><strong>statum</strong></span> <span class='ocrx_word' id='word_1_230' title='bbox 567 3565 738 3648; x_wconf 89' lang='lat' dir='ltr'><strong>pristinum</strong></span> <span class='ocrx_word' id='word_1_231' title='bbox 776 3584 910 3644; x_wconf 89' lang='lat' dir='ltr'><strong>eamque</strong></span> <span class='ocrx_word' id='word_1_232' title='bbox 938 3559 1161 3622; x_wconf 89' lang='lat' dir='ltr'><strong>celsitudinem</strong></span> <span class='ocrx_word' id='word_1_233' title='bbox 1197 3572 1231 3624; x_wconf 91' lang='lat' dir='ltr'><strong>et</strong></span> 
     </span>
    </p>
   </div>
   <div class='ocr_carea' id='block_1_4' title="bbox 63 3660 1229 3748">
    <p class='ocr_par' dir='ltr' id='par_1_5' title="bbox 63 3660 1229 3748">
     <span class='ocr_line' id='line_1_32' title="bbox 63 3660 1229 3748; baseline 0.002 -26"><span class='ocrx_word' id='word_1_234' title='bbox 63 3731 66 3737; x_wconf 46' lang='grc'><strong>,</strong></span> <span class='ocrx_word' id='word_1_235' title='bbox 177 3663 422 3745; x_wconf 88' lang='lat' dir='ltr'><strong>amplitudinem</strong></span> <span class='ocrx_word' id='word_1_236' title='bbox 445 3687 540 3748; x_wconf 92' lang='lat' dir='ltr'><strong>quam</strong></span> <span class='ocrx_word' id='word_1_237' title='bbox 563 3677 706 3748; x_wconf 90' lang='lat' dir='ltr'><strong>tempore</strong></span> <span class='ocrx_word' id='word_1_238' title='bbox 737 3662 843 3725; x_wconf 89' lang='lat' dir='ltr'><strong>Caroli</strong></span> <span class='ocrx_word' id='word_1_239' title='bbox 873 3661 1032 3745; x_wconf 90' lang='lat' dir='ltr'><strong>quondam</strong></span> <span class='ocrx_word' id='word_1_240' title='bbox 1062 3660 1229 3739; x_wconf 88' lang='lat' dir='ltr'><strong>habuerat,</strong></span> 
     </span>
    </p>
   </div>
   <div class='ocr_carea' id='block_1_5' title="bbox 176 3761 1227 3849">
    <p class='ocr_par' dir='ltr' id='par_1_6' title="bbox 176 3761 1227 3849">
     <span class='ocr_line' id='line_1_33' title="bbox 176 3761 1227 3849; baseline 0.001 -26"><span class='ocrx_word' id='word_1_241' title='bbox 176 3761 349 3826; x_wconf 86' lang='lat' dir='ltr'><strong>reformare</strong></span> <span class='ocrx_word' id='word_1_242' title='bbox 379 3765 508 3849; x_wconf 88' lang='lat' dir='ltr'><strong>queat.’&#39;</strong></span> <span class='ocrx_word' id='word_1_243' title='bbox 553 3765 629 3830; x_wconf 84' lang='lat' dir='ltr'><strong>Quo</strong></span> <span class='ocrx_word' id='word_1_244' title='bbox 659 3764 756 3827; x_wconf 86' lang='lat' dir='ltr'><strong>verbo</strong></span> <span class='ocrx_word' id='word_1_245' title='bbox 784 3762 886 3846; x_wconf 88' lang='lat' dir='ltr'><strong>Regis</strong></span> <span class='ocrx_word' id='word_1_246' title='bbox 913 3761 1087 3835; x_wconf 86' lang='lat' dir='ltr'><strong>baronibus</strong></span> <span class='ocrx_word' id='word_1_247' title='bbox 1116 3762 1227 3839; x_wconf 88' lang='lat' dir='ltr'><strong>relato,</strong></span> 
     </span>
    </p>
   </div>
   <div class='ocr_carea' id='block_1_6' title="bbox 177 3862 1231 4254">
    <p class='ocr_par' dir='ltr' id='par_1_7' title="bbox 177 3862 1231 4254">
     <span class='ocr_line' id='line_1_34' title="bbox 178 3862 1230 3956; baseline 0.001 -31"><span class='ocrx_word' id='word_1_248' title='bbox 178 3875 211 3926; x_wconf 92' lang='lat' dir='ltr'><strong>et</strong></span> <span class='ocrx_word' id='word_1_249' title='bbox 225 3865 373 3951; x_wconf 88' lang='lat' dir='ltr'><strong>protinus</strong></span> <span class='ocrx_word' id='word_1_250' title='bbox 388 3888 472 3948; x_wconf 88' lang='lat' dir='ltr'><strong>equo</strong></span> <span class='ocrx_word' id='word_1_251' title='bbox 493 3868 592 3950; x_wconf 78' lang='lat' dir='ltr'><strong>juxta</strong></span> <span class='ocrx_word' id='word_1_252' title='bbox 611 3864 852 3949; x_wconf 89' lang='lat' dir='ltr'><strong>promissionem</strong></span> <span class='ocrx_word' id='word_1_253' title='bbox 867 3863 953 3939; x_wconf 92' lang='lat' dir='ltr'><strong>dato,</strong></span> <span class='ocrx_word' id='word_1_254' title='bbox 969 3862 1082 3956; x_wconf 5' lang='lat' dir='ltr'><strong>statim,</strong></span> <span class='ocrx_word' id='word_1_255' title='bbox 1101 3863 1136 3924; x_wconf 92' lang='lat' dir='ltr'><strong>in</strong></span> <span class='ocrx_word' id='word_1_256' title='bbox 1159 3862 1230 3926; x_wconf 87' lang='lat' dir='ltr'><strong>haec</strong></span> 
     </span>
     <span class='ocr_line' id='line_1_35' title="bbox 177 3963 1230 4051; baseline 0.005 -26"><span class='ocrx_word' id='word_1_257' title='bbox 177 3965 274 4028; x_wconf 88' lang='lat' dir='ltr'><strong>verba</strong></span> <span class='ocrx_word' id='word_1_258' title='bbox 290 3967 501 4030; x_wconf 88' lang='lat' dir='ltr'><strong>communiter</strong></span> <span class='ocrx_word' id='word_1_259' title='bbox 523 3989 633 4030; x_wconf 90' lang='lat' dir='ltr'><strong>omnes</strong></span> <span class='ocrx_word' id='word_1_260' title='bbox 653 3975 893 4051; x_wconf 88' lang='lat' dir='ltr'><strong>proruperunt:</strong></span> <span class='ocrx_word' id='word_1_261' title='bbox 918 3963 1069 4026; x_wconf 89' lang='lat' dir='ltr'><strong>“Pereat</strong></span> <span class='ocrx_word' id='word_1_262' title='bbox 1083 3985 1159 4046; x_wconf 88' lang='lat' dir='ltr'><strong>ergo</strong></span> <span class='ocrx_word' id='word_1_263' title='bbox 1173 3963 1230 4048; x_wconf 92' lang='lat' dir='ltr'><strong>qui</strong></span> 
     </span>
     <span class='ocr_line' id='line_1_36' title="bbox 179 4063 1229 4152; baseline 0 -24"><span class='ocrx_word' id='word_1_264' title='bbox 179 4066 236 4128; x_wconf 87' lang='lat' dir='ltr'><strong>tali</strong></span> <span class='ocrx_word' id='word_1_265' title='bbox 254 4067 403 4152; x_wconf 89' lang='lat' dir='ltr'><strong>principi,</strong></span> <span class='ocrx_word' id='word_1_266' title='bbox 420 4078 453 4131; x_wconf 90' lang='lat' dir='ltr'><strong>et</strong></span> <span class='ocrx_word' id='word_1_267' title='bbox 471 4077 537 4131; x_wconf 91' lang='lat' dir='ltr'><strong>tam</strong></span> <span class='ocrx_word' id='word_1_268' title='bbox 558 4067 760 4152; x_wconf 88' lang='lat' dir='ltr'><strong>magnanimo</strong></span> <span class='ocrx_word' id='word_1_269' title='bbox 784 4067 822 4130; x_wconf 90' lang='lat' dir='ltr'><strong>ad</strong></span> <span class='ocrx_word' id='word_1_270' title='bbox 847 4064 1022 4128; x_wconf 90' lang='lat' dir='ltr'><strong>revocanda</strong></span> <span class='ocrx_word' id='word_1_271' title='bbox 1036 4063 1126 4148; x_wconf 91' lang='lat' dir='ltr'><strong>regni</strong></span> <span class='ocrx_word' id='word_1_272' title='bbox 1144 4064 1229 4148; x_wconf 88' lang='lat' dir='ltr'><strong>jura,</strong></span> 
     </span>
     <span class='ocr_line' id='line_1_37' title="bbox 178 4165 1231 4254; baseline -0.001 -25"><span class='ocrx_word' id='word_1_273' title='bbox 178 4167 443 4252; x_wconf 90' lang='lat' dir='ltr'><strong>impedimentum</strong></span> <span class='ocrx_word' id='word_1_274' title='bbox 467 4169 611 4254; x_wconf 93' lang='lat' dir='ltr'><strong>opponit.</strong></span> <span class='ocrx_word' id='word_1_275' title='bbox 657 4166 835 4251; x_wconf 89' lang='lat' dir='ltr'><strong>Nunquam</strong></span> <span class='ocrx_word' id='word_1_276' title='bbox 849 4166 899 4229; x_wconf 90' lang='lat' dir='ltr'><strong>his</strong></span> <span class='ocrx_word' id='word_1_277' title='bbox 919 4175 976 4228; x_wconf 90' lang='lat' dir='ltr'><strong>aut</strong></span> <span class='ocrx_word' id='word_1_278' title='bbox 992 4165 1061 4228; x_wconf 89' lang='lat' dir='ltr'><strong>aliis</strong></span> <span class='ocrx_word' id='word_1_279' title='bbox 1082 4165 1231 4250; x_wconf 78' lang='lat' dir='ltr'><strong>juribus³</strong></span> 
     </span>
    </p>
   </div>
   <div class='ocr_carea' id='block_1_7' title="bbox 214 4305 1180 4429">
    <p class='ocr_par' dir='ltr' id='par_1_8' title="bbox 214 4305 1180 4429">
     <span class='ocr_line' id='line_1_38' title="bbox 214 4305 1180 4428; baseline -0.002 -68"><span class='ocrx_word' id='word_1_280' title='bbox 214 4310 229 4337; x_wconf 67' lang='lat'><strong>¹*</strong></span> <span class='ocrx_word' id='word_1_281' title='bbox 241 4309 292 4362; x_wconf 86' lang='lat' dir='ltr'><strong>An.</strong></span> <span class='ocrx_word' id='word_1_282' title='bbox 306 4313 384 4362; x_wconf 82' lang='lat'>1185.</span> <span class='ocrx_word' id='word_1_283' title='bbox 455 4309 530 4361; x_wconf 73' lang='lat' dir='ltr'><strong>&#39;See</strong></span> <span class='ocrx_word' id='word_1_284' title='bbox 542 4327 568 4378; x_wconf 90' lang='lat' dir='ltr'><strong>p.</strong></span> <span class='ocrx_word' id='word_1_285' title='bbox 582 4313 623 4362; x_wconf 85' lang='lat'><strong>88.</strong></span> <span class='ocrx_word' id='word_1_286' title='bbox 675 4308 680 4378; x_wconf 93' lang='grc' dir='ltr'>Ι</span> <span class='ocrx_word' id='word_1_287' title='bbox 733 4305 1180 4428; x_wconf 62' lang='lat' dir='ltr'><strong>³Hisoutemoliiscnqnam‚2MS.</strong></span> 
     </span>
     <span class='ocr_line' id='line_1_39' title="bbox 1076 4393 1091 4429; baseline 0 0"><span class='ocrx_word' id='word_1_288' title='bbox 1076 4393 1091 4429; x_wconf 76' lang='lat' dir='ltr'><strong>a</strong></span> 
     </span>
    </p>
   </div>
   <div class='ocr_carea' id='block_1_8' title="bbox 0 0 1504 5040">
    <p class='ocr_par' dir='ltr' id='par_1_9' title="bbox 0 0 1504 5040">
     <span class='ocr_line' id='line_1_40' title="bbox 0 0 1504 5040; baseline 0 1"><span class='ocrx_word' id='word_1_289' title='bbox 0 0 1504 5040; x_wconf 95' lang='lat' dir='ltr'><strong> </strong></span> 
     </span>
    </p>
   </div>
  </div>
 </body>
</html>
