3000 5040
232 458 275 520 42
543 471 725 523 GIRALDUS
750 469 981 522 camesenus

231 631 350 707 praeter
365 642 521 683 summam
531 629 564 683 et
573 620 737 684 dimidiam
752 621 908 685 instinctu
920 620 1052 685 familiae
1068 644 1136 685 suae
1145 623 1290 688 vendidit

231 723 302 786 illas
321 745 381 806 pro
396 721 529 786 dimidia
550 745 655 786 marca
670 744 766 807 quarn
789 723 878 786 misit
893 723 1019 786 cuidam
1040 724 1219 800 mercatori,
1236 727 1289 788 cui

232 847 301 887 eam
312 824 477 899 debuerat,
486 845 544 887 nec
556 823 694 907 amplius
704 823 945 907 praeterminare
956 833 1083 909 poterat
1091 847 1149 888 nec
1159 825 1288 889 aliunde

229 927 396 1003 habuerat,
411 925 498 989 unde
518 926 675 989 redderet
721 925 839 989 Statim
853 936 963 989 autem
982 925 1043 989 hoc
1057 925 1144 989 facto
1158 950 1232 991 cum
1252 929 1287 992 in

228 1029 317 1092 curia
338 1050 396 1091 sua
415 1027 659 1104 deambulasset,
674 1027 799 1091 audivit
812 1050 905 1092 voces
926 1027 997 1090 illas
1018 1027 1134 1092 acriter
1148 1028 1180 1091 ei
1200 1051 1286 1092 com·

227 1129 394 1206 minantes,
418 1128 510 1213 quasi
532 1129 621 1212 quod
642 1128 715 1193 Deo
739 1129 871 1192 dederat
884 1128 935 1192 vel
956 1128 1066 1213 potius
1087 1129 1285 1206 vendiderat,

227 1230 307 1295 ahos
340 1231 374 1293 in
399 1251 478 1293 usus
510 1239 682 1314 posuerat;
716 1240 750 1294 et
776 1228 944 1314 cumipse
974 1229 1182 1314 responderet
1208 1231 1285 1314 quia

225 1342 359 1416 pactum
387 1332 418 1395 ei
448 1353 513 1393 non
542 1340 724 1407 tenuerant,
753 1331 833 1415 quia
859 1331 991 1394 loricam
1022 1353 1113 1394 suam
1139 1331 1283 1395 nondum

225 1433 393 1511 habuerat,
408 1431 564 1496 dixerunt
578 1432 620 1511 ei,
636 1431 763 1498 “Quin
784 1431 850 1494 imo
864 1431 963 1496 habes
976 1455 1057 1508 eam,
1075 1441 1109 1495 et
1123 1433 1163 1495 ad
1185 1433 1283 1516 pedes

225 1533 300 1598 lecti
315 1535 365 1599 tui
385 1533 512 1619 jacet;”
538 1543 573 1597 et
588 1555 662 1596 cum
681 1532 745 1597 iret
757 1533 876 1610 videre,
897 1533 942 1598 sie
963 1534 1097 1599 invenit.
1141 1533 1188 1597 Et
1209 1557 1283 1598 cum

222 1659 368 1701 reversus
380 1645 463 1700 esset
470 1636 589 1698 iterum
600 1635 840 1699 infremuerrmt
847 1634 882 1696 in
895 1657 970 1698 eum
983 1645 1017 1698 et
1028 1634 1124 1698 minis
1133 1634 1282 1698 intonue-

222 1746 320 1814 runt3
343 1747 377 1800 et
391 1736 501 1800 statim
514 1735 650 1799 involvit
664 1758 740 1799 eum
761 1735 877 1818 globus
901 1734 1026 1818 igneus,
1042 1736 1135 1818 cujus
1156 1735 1281 1819 impetu

222 1838 256 1901 in
271 1837 469 1922 profundum
485 1836 577 1920 quasi
590 1835 625 1899 in
639 1836 790 1918 abyssum
805 1835 930 1898 delatus
945 1846 1004 1900 est.

264 1939 408 2002 Etcum
432 1959 558 2021 semper
580 1936 646 1999 Dei
673 1935 924 2001 misericordiam
946 1937 1126 2021 postularet
1148 1948 1182 2000 et
1205 1938 1280 2000 bea·

220 2051 286 2104 tam
300 2039 472 2122 Virginem
493 2038 666 2115 invocaret,
682 2037 837 2102 dixerunt
851 2038 882 2100 ei
903 2038 1073 2103 utstatim
1095 2039 1158 2102 iret
1172 2062 1278 2103 emere

220 2153 284 2206 tres
304 2162 444 2204 summas
458 2135 616 2217 fabarum,
632 2161 787 2204 summam
802 2148 835 2202 et
850 2139 1014 2203 dimidiam
1027 2162 1086 2224 pro
1101 2141 1165 2224 alia
1180 2163 1277 2224 quam

218 2266 256 2308 co
283 2243 451 2320 redderet;
485 2250 519 2306 et
542 2241 636 2305 aliam
660 2263 817 2305 summam
841 2251 876 2305 et
901 2241 1065 2305 dimidiam
1089 2243 1124 2304 in
1147 2264 1277 2326 poenam

219 2343 488 2428 transgressionis,
510 2342 706 2428 pauperibus
730 2352 885 2425 erogaret.
932 2342 1009 2411 Quo
1034 2343 1120 2408 dicto
1144 2355 1178 2408 et
1203 2367 1277 2407 con-

217 2468 316 2523 cesso,
339 2445 463 2509 invenit
485 2467 520 2508 se
548 2445 584 2507 in
608 2443 699 2508 curia
722 2466 792 2521 sua,
815 2444 886 2508 loco
911 2467 955 2509 sc.
978 2446 1065 2509 unde
1091 2468 1125 2509 se
1148 2456 1277 2530 raptum

216 2547 364 2630 putabat,
379 2547 454 2630 igne
475 2568 636 2630 nusquam
651 2555 866 2630 comparente,
881 2568 1013 2630 prorsus
1030 2546 1180 2610 illaesum.
1230 2546 1277 2610 Et

216 2648 326 2712 statim
349 2648 503 2712 scandens
527 2669 649 2732 equum
672 2647 732 2711 ivit
758 2657 792 2710 et
813 2646 903 2711 fabas
925 2648 1015 2713 emit.
1060 2648 1146 2712 Cum
1167 2657 1276 2712 autem

216 2761 282 2815 tres
310 2773 445 2815 summae
471 2759 650 2835 apportatae
674 2771 733 2834 per
753 2770 789 2813 x.
812 2749 921 2833 pelves
943 2749 979 2812 in
1004 2749 1056 2814 die
1080 2750 1276 2835 pauperibus

216 2853 379 2929 darentur,
411 2863 570 2935 quatenus
600 2870 685 2913 xxx.
709 2871 848 2912 summas
877 2847 1035 2927 fecerunt,
1061 2861 1096 2914 et
1124 2874 1143 2914 a
1172 2851 1276 2915 tribus

216 2954 447 3017 ebdomadibus
469 2961 544 3014 ante
563 2951 683 3013 festum
706 2949 816 3012 Sancti
837 2950 859 3012 J
860 2949 995 3014 ohannis
1017 2974 1120 3035 usque
1139 2953 1275 3016 totidem

215 3053 407 3118 ebdomadas
427 3052 461 3114 in
484 3061 640 3114 autumno
654 3049 838 3132 completas,
854 3050 1060 3115 duraverunt.
1105 3051 1201 3116 Unde
1216 3075 1274 3137 per

216 3153 488 3239 computationem
512 3151 637 3215 dierum
664 3160 698 3212 et
721 3149 866 3233 pelvium
889 3171 1048 3217 nxxxvn.
1076 3174 1209 3216 summae
1234 3155 1273 3217 de

216 3255 320 3318 tribus
334 3253 466 3317 summis
481 3260 713 3329 excreverunt3
730 3260 763 3314 et
778 3260 884 3315 cetera
897 3252 1000 3315 multa
1013 3253 1165 3317 mirandis
1180 3278 1273 3320 even-

215 3355 303 3419 tibus
339 3356 424 3419 lena.

260 3378 403 3520 Dedlum
416 3467 526 3520 tamen
543 3455 646 3518 milite
669 3455 710 3518 ad
724 3455 851 3540 Regem
869 3453 905 3518 in
917 3453 1151 3519 Normanniam
1171 3466 1272 3520 trans·

112 3580 115 3584 ⁸
217 3558 354 3622 fretante
365 3568 440 3642 post
450 3557 553 3621 multa
565 3556 692 3621 circiter
702 3557 774 3622 haec
787 3557 917 3641 negotia
929 3557 1022 3640 quasi
1032 3558 1185 3623 miracula
1194 3560 1271 3638 visa,

217 3661 380 3745 professus
395 3670 444 3724 est
458 3659 536 3723 Rex
552 3658 588 3722 in
612 3657 744 3743 publico
759 3680 793 3722 se
808 3678 869 3723 v11.
885 3659 1034 3722 mandata
1053 3659 1111 3722 illa
1132 3661 1273 3745 comple-

217 3771 327 3825 turum
352 3760 488 3844 integre,
504 3770 538 3824 et
564 3759 666 3844 coepit
688 3760 841 3823 continuo
863 3759 996 3823 reddere
1022 3760 1217 3827 hereditates
1239 3773 1273 3826 et

215 3862 322 3926 ablata
348 3862 455 3925 omnia
480 3861 751 3944 conquerentibus
777 3861 898 3924 ibidem
922 3873 956 3925 et
973 3863 1050 3946 jura
1078 3886 1136 3929 sua
1164 3864 1272 3929 notifi-

216 3963 382 4040 cantibus3
406 3972 440 4025 et
454 3963 558 4026 factus
573 3970 622 4024 est
636 3949 751 4024 adhoc
766 3983 938 4025 concursus
952 3985 1097 4046 magnuS,
1112 3987 1216 4048 usque
1230 3965 1271 4027 ad

215 4085 363 4146 magnam
385 4063 488 4126 noctis
505 4071 640 4146 partem.
684 4060 732 4124 Et
753 4071 830 4124 tunc
853 4061 930 4144 quia
947 4063 1052 4146 jejuni
1073 4073 1175 4141 erant,
1197 4086 1271 4148 pro·

216 4163 422 4228 crastinatum
449 4172 498 4226 est
514 4184 616 4246 usque
631 4184 723 4225 mane
738 4160 778 4224 ad
793 4161 1025 4246 perficiendum
1046 4163 1134 4248 quod
1160 4164 1270 4228 lauda·

214 4265 323 4329 biliter
338 4264 443 4328 fuerat
457 4263 652 4328 inchoatum.
699 4262 740 4326 In
754 4261 892 4327 crastino
906 4264 1015 4328 autem
1027 4264 1112 4329 sacta
1122 4288 1199 4330 voce
1210 4267 1268 4332 hac
