3000 5040
249 454 291 518 64
561 476 744 527 ammons
770 475 996 527 ommannsrs

247 623 410 708 benigne:
459 625 532 689 “Si
563 625 785 704 ‘Patriarcha'’
815 626 934 709 inquit,
966 631 988 662 “
1001 625 1053 690 vel
1084 624 1137 688 alii
1171 626 1210 688 ad
1246 647 1304 689 nos

221 760 223 765 ·
246 725 390 804 veniunt,
408 728 510 811 magis
532 727 585 791 hic
607 750 665 792 sua
687 750 784 812 quam
808 738 918 804 nostra
939 728 1105 791 commoda
1124 727 1304 811 quaerunt”

246 825 295 891 At
319 826 374 890 ille
399 828 485 905 inde,
502 827 687 893 Britannica
709 829 793 893 sorte
811 829 1003 906 temeritate,
1027 828 1181 913 subjecit:
1207 829 1303 892 “Pro

245 929 388 992 maximo
412 930 483 1008 tibi,
508 929 595 1008 Rex,
618 931 786 995 commodo
814 940 965 1015 reputare
988 930 1084 993 debes
1110 941 1143 994 et
1170 925 1303 1008 honore,

247 1030 334 1113 quod
351 1031 391 1094 ad
406 1041 496 1096 tanta
510 1032 631 1096 Christi
646 1034 801 1116 obsequia
821 1054 890 1117 prae
906 1032 1028 1096 cunctis
1044 1041 1137 1094 terrae
1153 1031 1301 1116 Regibus

247 1131 332 1194 solus
362 1132 437 1218 eligi
466 1135 644 1198 meruisti.'’
689 1134 750 1198 Ille
772 1156 847 1199 vero
870 1133 963 1216 quasi
991 1133 1032 1196 ad
1056 1133 1147 1217 jocos
1176 1143 1254 1197 tunc
1283 1157 1302 1197 a

246 1231 336 1295 seriis
353 1256 386 1297 se
409 1246 617 1314 convertens3
641 1240 663 1271 “
677 1235 869 1312 Audacter‚”
894 1235 1012 1319 inquit,
1029 1239 1118 1298 “nos
1141 1234 1248 1298 clerici
1261 1228 1302 1298 ad

246 1356 334 1398 arma
348 1346 381 1399 et
394 1337 538 1421 pericula
553 1360 724 1421 provocare
745 1346 890 1423 possunt,
907 1332 1059 1420 quoniam
1081 1335 1145 1420 ipsi
1166 1336 1249 1399 ictus
1267 1336 1301 1399 in

247 1435 427 1500 discrimine
456 1439 563 1503 nullos
591 1439 786 1525 suscipient3
809 1461 869 1502 nec
890 1437 958 1501 ulla
984 1437 1183 1521 quaeritare
1210 1448 1302 1522 pote-

246 1548 324 1602 runt
339 1561 471 1604 onerosa
485 1540 671 1606 subibunt.”

291 1639 355 1704 His
369 1650 477 1704 autem
491 1642 620 1719 auditis,
636 1643 745 1706 statim
767 1664 786 1704 a
800 1663 856 1725 spe
869 1646 879 1681 ¹
896 1640 1000 1704 decidi
1014 1649 1092 1717 tota,
1109 1663 1206 1724 quam
1228 1652 1302 1706 ante

247 1741 402 1825 quidem²
429 1764 577 1825 magnam
606 1753 735 1806 etcum
758 1741 915 1804 desiderio
942 1763 1058 1824 magno
1083 1764 1300 1827 conceperam.

250 1842 455 1926 speraveram
466 1843 552 1908 enim
561 1845 650 1925 quod
658 1844 727 1927 ipse
736 1842 850 1904 diebus
859 1841 976 1904 nostris
986 1842 1212 1925 redempturus
1221 1855 1305 1907 esset

249 1943 358 2020 Israel,
375 1953 408 2006 et
426 1943 603 2006 Dominum
628 1954 744 2008 testem
770 1943 884 2007 invoco
908 1942 1060 2025 quoniam
1083 1951 1150 2005 tam
1171 1953 1304 2027 propter

249 2056 343 2109 terrae
364 2067 460 2108 sacrae
481 2044 705 2120 retentionem,
722 2055 755 2108 et
769 2046 809 2108 ab
823 2043 996 2127 impiorum
1019 2044 1166 2107 manibus
1188 2044 1303 2107 libera·

248 2147 380 2223 tionem,
401 2169 497 2232 quam
516 2147 557 2210 ob
578 2147 669 2230 regni
688 2168 819 2230 quoque
838 2145 941 2208 nostri
958 2153 991 2208 et
1012 2145 1118 2228 gentis
1137 2145 1301 2223 honorem,

236 2247 329 2311 ‘illud
342 2271 457 2332 magno
472 2271 569 2333 opere
584 2249 820 2333 concupieram.
862 2246 903 2309 Id
925 2247 1031 2330 ipsum
1058 2269 1188 2330 quoque
1214 2256 1303 2310 totus

251 2349 431 2433 Anglorum
444 2349 585 2436 populus
600 2372 672 2414 curn
688 2371 812 2414 summa
826 2347 991 2414 voluntate
1006 2347 1215 2413 desiderabat

647 2602 728 2668 Car.
748 2601 906 2667 XXVII.

249 2763 302 2825 De
316 2742 459 2847 responso
474 2762 641 2827 Loudociae
660 2760 861 2826 Patriarclrae
874 2762 978 2842 fucta,
994 2769 1025 2825 et
1044 2764 1112 2846 ejus
1126 2771 1188 2826 toto
1204 2761 1306 2825 labore

684 2864 869 2944 frustrut0.³

89 3034 221 3087 rueram
294 3015 364 3078 Dur
394 3019 491 3077 vero⁴
527 3013 706 3078 Londoniae
747 3012 895 3097 praefix0‚
924 3011 1036 3075 multis
1072 3011 1202 3095 quidem
1240 3024 1306 3077 tarn

89 3087 239 3176 iilffiilcli’lhe
251 3114 397 3179 militaris
413 3115 545 3178 'ordinis
583 3137 679 3198 quam
708 3114 823 3199 plebis,
850 3115 935 3197 per⁵
961 3112 1156 3176 Patriarchae
1185 3116 1307 3178 monita

89 3189 180 3236 'ml'
250 3217 461 3301 publicosque
490 3225 556 3279 tam
594 3217 663 3299 ejus
702 3237 798 3298 quam
826 3213 886 3277 viri
913 3213 1104 3276 venerabilis
1137 3224 1171 3277 et
1206 3215 1307 3278 sancti

252 3318 491 3381 Cantuariensis
531 3315 775 3401 Archiepiscopi
813 3309 1015 3379 Baldevrini6
1054 3336 1225 3394 sermones,
1266 3318 1307 3380 ad

250 3419 408 3503 populum
429 3418 569 3482 suasorie
590 3417 702 3495 factos
725 3417 765 3480 ad
788 3415 909 3480 Christi
923 3416 1078 3500 obsequia
1095 3417 1305 3504 consignatis,

251 3521 378 3584 tandem
386 3542 573 3605 responsum
583 3541 602 3582 a
611 3518 703 3602 Rege
716 3516 903 3582 Patriarcha
911 3517 1062 3602 suscepit,
1077 3517 1165 3601 quod
1173 3540 1308 3602 regnum

285 3723 412 3794 ¹Aspere,
425 3723 484 3776 MS.
534 3722 680 3791 'Quidam
693 3723 752 3776 MS.
804 3722 850 3776 the
869 3722 964 3776 Chion.
989 3722 1107 3776 Laudun.
1128 3724 1155 3776 in
1179 3723 1308 3795 Bouquet‚

284 3794 352 3848 ³cf.
367 3791 475 3845 Hibern.
489 3791 610 3862 Expugn.
642 3796 722 3846 .800.
804 3793 877 3846 xviii.
891 3793 951 3847 705.
988 3792 1044 3845 The
1056 3792 1243 3864 Archbishop’s
1259 3795 1308 3847 let-

284 3863 399 3917 ⁴I.e.re
431 3862 554 3914 onsionis.
590 3810 679 3915 ‘Bm
692 3862 751 3915 MS.
804 3870 888 3914 terto
909 3861 950 3914 his
974 3863 1267 3934 suffragans,directing
1292 3881 1308 3916 a

285 3931 393 3985 ⁶0fB
420 3931 487 3983 dwin
506 3930 557 3983 and
580 3930 621 3983 his
640 3931 752 3984 conduct
804 3931 939 3984 collection
968 3939 996 3983 to
1025 3931 1058 3984 be
1087 3932 1163 3985 made
1192 3933 1231 3985 for
1263 3933 1307 3985 the

249 4021 283 4056 on
295 4001 347 4054 this
359 4000 486 4068 occasion,
498 4018 545 4053 our
556 4000 648 4053 author
659 3999 751 4071 speaks
805 3999 909 4053 Church
940 3999 969 4052 of
999 3999 1151 4070 Jerusalem,
1181 4001 1208 4053 in
1243 4002 1307 4054 each

248 4073 277 4124 in
300 4079 379 4122 terms
399 4071 429 4121 of
483 4078 525 4122 est
546 4070 630 4140 praise
653 4070 681 4121 in
709 4068 751 4121 his
803 4068 889 4139 parish
905 4069 1017 4132 oftheir
1034 4069 1130 4123 several
1148 4070 1271 4138 dioceses,
1285 4071 1307 4122 is

249 4139 320 4193 work
348 4139 414 4191 “De
460 4139 504 4192 itis
528 4139 581 4191 Sex
609 4138 751 4209 Episcopo·
821 4138 905 4192 rinted
922 4139 950 4191 in
968 4138 1012 4191 the
1026 4139 1110 4191 works
1133 4139 1163 4192 of
1186 4139 1262 4192 Peter
1281 4139 1312 4192 of

249 4207 334 4277 rum,”
355 4209 416 4262 As.
433 4207 460 4261 ii.
478 4225 505 4278 p.
525 4212 587 4262 431.
599 4207 641 4260 ed.
655 4207 750 4260 Wher-
803 4155 884 4261 blois.
921 4207 1124 4281 Opera‚p3153.

249 4287 301 4346 ton,
322 4295 347 4346 q.
367 4295 390 4332 v.
426 4277 474 4328 See
495 4294 566 4330 more
586 4277 751 4347 particularly
1088 4328 1092 4333 ,
