3000 5040
423 511 473 559 DE
498 511 762 562 INSTRUCTIONE
787 511 1000 561 PRINCIPUM.
1176 492 1239 563 167

187 682 284 743 quem
299 660 414 743 vulgus
429 661 555 746 Regem
570 662 698 726 Rufum
712 662 846 738 vocavit,
863 661 963 725 ethic
979 661 1140 745 explicare
1154 684 1239 745 prae·

186 774 236 824 ter
250 784 317 824 rem
332 786 398 826 non
411 764 533 848 putavi.
578 762 660 827 Erat
675 764 760 827 enim
770 763 847 826 Rex
862 763 917 827 ille
932 774 1082 827 strenuus
1095 763 1130 826 in
1143 764 1239 828 armis

186 879 219 930 et
241 871 413 947 animosus,
433 872 490 934 sed
517 881 684 954 tyrannus,
706 871 787 934 adeo
811 870 960 934 militiam
979 869 1117 954 diligens
1138 871 1240 934 eccle-

184 971 327 1055 siamque
343 974 407 1037 Dei
432 996 564 1037 exosam
577 973 709 1050 habens,
725 983 765 1037 ut
778 972 970 1036 monasteria
985 982 1101 1035 cuncta
1115 971 1240 1035 domos-

185 1093 248 1153 que
273 1074 438 1158 religiosas
461 1076 502 1138 ab
528 1073 645 1158 Anglis
670 1075 748 1138 olim
772 1074 923 1138 fundatas
945 1096 1005 1158 per
1030 1073 1183 1156 Angliam
1205 1087 1240 1138 et

183 1174 310 1252 dietas,
326 1199 399 1240 cum
408 1176 502 1240 terris
517 1175 665 1239 omnibus
675 1186 709 1239 et
722 1174 987 1259 possessionibus,
1002 1173 1053 1236 vel
1068 1197 1112 1238 ex
1126 1176 1239 1260 majori

182 1277 331 1340 mutilare
354 1278 406 1342 vel
433 1279 469 1340 in
488 1277 643 1340 militares
668 1278 780 1342 feodos
795 1285 979 1340 convertere
999 1278 1237 1360 proposuisset3

64 1400 65 1403 ¹
182 1378 300 1454 dicens,
317 1379 486 1442 dimidium
510 1379 578 1442 fere
603 1380 693 1463 regni
720 1378 893 1461 Anglicani
915 1378 1063 1461 religioni
1086 1378 1238 1442 collatum

183 1504 261 1557 esse,
287 1482 385 1566 idque
405 1492 513 1546 totum
538 1482 579 1544 ad
604 1490 731 1546 eoronae
762 1481 991 1556 defensionem,
1015 1480 1041 1542 si
1066 1479 1238 1543 necessitas

181 1582 357 1666 ingrueret,
387 1583 439 1647 vel
468 1584 598 1648 omnino
626 1584 678 1647 vel
705 1605 820 1667 parum
849 1581 1024 1664 suffragari.
1069 1580 1125 1644 Ad
1161 1581 1238 1645 talia

182 1705 321 1768 namque
337 1685 393 1748 illa
405 1685 576 1749 dicendum
597 1686 649 1749 vel
669 1685 885 1768 cogitandum,
908 1705 1033 1746 necnon
1056 1681 1187 1746 effectui
1210 1683 1237 1745 si

181 1786 304 1868 possint
318 1787 575 1871 mancipandum,
588 1787 750 1872 principes
772 1807 936 1870 perversos
949 1785 1102 1848 inducere
1116 1784 1235 1868 potuit,

180 1888 269 1969 quod
291 1887 433 1971 Angliae,
450 1888 580 1972 Regum
595 1887 776 1971 Anglorum
798 1897 942 1971 tempore
957 1897 992 1950 et
1013 1885 1110 1948 etiam
1122 1885 1237 1970 penul-

181 1988 251 2051 timi
279 1989 431 2053 Edwardi
456 1989 809 2055 westmonasteriensis
838 1988 962 2065 diebus,
987 1986 1087 2052 annui
1114 1986 1236 2051 fiscales

178 2090 334 2168 redditus,
350 2091 435 2154 sieut
448 2091 483 2154 in
497 2091 605 2155 rotulo
627 2091 829 2157 Wintoniae¹
842 2091 1014 2175 reperitur,
1036 2089 1077 2154 ad
1096 2089 1147 2152 lx·
1163 2089 1236 2153 mil-

178 2191 258 2255 lium
281 2214 459 2256 marcarum
472 2215 629 2257 summam
643 2192 830 2276 implebant.
869 2191 1028 2274 Tempore
1042 2211 1118 2254 vero
1133 2189 1235 2273 Regis

179 2293 315 2357 Henrici
329 2293 473 2369 secundi,
488 2303 539 2358 tot
562 2293 655 2358 terris
676 2292 807 2356 interim
822 2290 982 2355 militibus
1004 2299 1071 2353 tam
1092 2312 1112 2351 a
1140 2289 1233 2373 Rege

177 2393 343 2478 Stephano
366 2395 465 2478 prius,
491 2416 589 2477 quam
611 2395 653 2456 ab
674 2393 746 2477 ipso
767 2392 984 2476 postmodum,
1009 2400 1079 2455 tum
1100 2400 1234 2474 propter

177 2517 292 2558 werras
321 2496 461 2580 primum
490 2495 575 2559 inter
603 2495 700 2578 ipsos,
729 2493 935 2578 postmodum
961 2515 1038 2575 erga
1066 2491 1233 2558 Franciern

176 2597 244 2660 fere
259 2598 437 2674 continuas,
452 2598 540 2679 large
554 2596 709 2680 utrinque
724 2595 818 2672 datis,
833 2595 892 2658 vix
905 2595 1005 2658 annui
1019 2594 1079 2678 xij.
1094 2593 1233 2659 millium

176 2721 354 2763 marcarum
374 2699 527 2764 ,redditus
555 2697 677 2763 marles
713 2705 790 2760 sunt
818 2696 952 2760 inventi.
1012 2695 1128 2762 Queri
1157 2718 1233 2779 ergo

135 2879 136 2882 Ἴ
174 2811 283 2885 potest
311 2802 352 2865 ab
378 2800 499 2884 aliquo,
525 2799 577 2863 vel
604 2799 740 2865 tacitum
766 2799 864 2862 etiam
887 2797 1071 2882 quempiam
1092 2818 1231 2876 movere,

176 2901 315 2984 qualiter
343 2900 419 2965 Rex
442 2900 605 2966 Henricus
633 2900 793 2964 secundus
822 2909 856 2962 et
884 2901 955 2983 ejus
983 2897 1043 2962 filii
1072 2908 1123 2963 tot
1146 2899 1232 2964 inter

175 3025 290 3067 werras
330 3003 428 3067 tantis
469 3001 628 3066 thesauris
673 3000 890 3066 abundabant.
936 2999 992 3063 Ad
1033 3021 1108 3084 quae
1147 3000 1231 3064 ratio

174 3105 265 3167 reddi
291 3104 422 3188 poterit,
447 3104 536 3186 quod
562 3103 639 3187 quia
663 3103 770 3166 minus
792 3102 956 3165 habebant
979 3101 1014 3165 in
1039 3100 1229 3181 redditibus,

174 3204 562 3282 totuminaccidentibus,
572 3204 645 3289 plus
653 3205 688 3269 in
697 3205 879 3269 accessoriis
888 3226 986 3287 quam
997 3203 1230 3287 principalibus

174 3307 380 3384 confidentes,
410 3305 560 3390 supplere
589 3307 754 3370 curabant.
801 3305 894 3370 Totis
917 3306 1003 3370 enim
1028 3304 1153 3368 nisibus
1181 3306 1228 3369 ibi

172 3409 292 3492 rapinis
310 3407 481 3483 insistitur,
497 3406 555 3471 ubi
570 3407 819 3489 quibuscunque
833 3406 937 3469 modis
951 3428 1003 3469 res
1025 3405 1226 3488 adquiritur3

172 3520 206 3574 et
228 3533 269 3572 ne
284 3508 428 3572 defectus
450 3508 486 3570 in
501 3507 610 3589 aliquo
625 3506 806 3589 reperiatur
830 3505 1049 3569 indesinenter
1063 3515 1098 3568 et
1112 3506 1228 3588 exqui-

172 3611 232 3673 site
244 3609 356 3693 praedo
370 3618 542 3691 grassatur.
588 3605 662 3670 Hoc
685 3615 794 3669 autem
815 3615 850 3668 et
870 3606 923 3669 hic
937 3605 1116 3669 notandum
1132 3604 1228 3668 duxi-

171 3733 253 3788 mus,
292 3709 379 3794 quod
415 3707 595 3792 Imperator
632 3707 864 3770 Alemannicus
907 3715 1123 3769 trecentarum
1158 3705 1226 3770 fere

170 3812 308 3877 millium
334 3832 512 3874 marcarum
534 3808 680 3873 redditus
699 3831 821 3872 annuos
843 3808 952 3885 habet,
968 3829 1041 3871 cum
1063 3817 1170 3871 tamen
1191 3808 1227 3870 in

171 3925 310 3999 utroque
330 3924 395 3977 tam
410 3912 612 3976 Theutonico
627 3933 724 3996 quam
738 3909 958 3994 Letharingiae
975 3920 1008 3972 et
1023 3908 1224 3992 Burgundiae

170 4139 231 4191 dent
249 4138 390 4208 testimony
410 4137 441 4188 of
459 4135 504 4188 the
526 4134 672 4187 Clnonicon
721 4141 823 4184 stances
850 4129 960 4184 omitted
989 4128 1026 4199 by
1049 4128 1093 4181 the
1119 4127 1222 4197 general

171 4209 200 4260 of
222 4207 349 4271 Verdun;
371 4205 508 4276 published
528 4205 555 4256 in
574 4203 671 4271 Labbe,
720 4202 868 4255 historiens.

171 4277 249 4329 Nova
266 4276 326 4328 Bib.
345 4275 526 4328 MSS.i;262.
564 4274 590 4326 It
610 4291 671 4326 eon·
757 4271 807 4323 ¹1.
820 4288 844 4324 e.
855 4268 1005 4341 Doomsday
1024 4267 1107 4321 Book.
1144 4267 1220 4320 Ellis'

169 4346 237 4398 teins
265 4362 337 4398 some
369 4343 528 4398 remarkable
561 4343 671 4396 eircum-
722 4339 821 4394 Introd.
834 4340 852 4394 i.
865 4341 925 4394 353.
