3000 5040
276 481 339 543 156
590 498 770 549 erasinus
796 499 1021 552 cansarrsrs

274 647 400 709 exitum
421 647 547 711 finalem
570 649 682 711 sortita
703 649 847 727 fuerunt,
863 673 920 734 per
936 649 1089 734 Angliam
1101 663 1144 715 et
1163 652 1330 716 Franciam

274 749 351 810 satis
384 758 432 812 est
460 759 584 813 notum.
630 749 837 834 Quapropter
866 751 1038 836 Porphyrii
1068 754 1211 830 verbum,
1241 755 1330 838 quod

277 845 391 909 Gildas
411 846 446 908 in
468 846 601 910 historia
623 869 680 910 sua
702 847 825 925 recolit,
846 848 899 910 hic
922 871 1081 932 apponere
1096 850 1230 934 dignum
1245 852 1330 913 dux-

274 948 367 1011 imus
414 947 475 1011 Ait
492 949 578 1010 enim
601 948 811 1032 PorphyriuS,
836 949 1000 1012 orientalis
1024 950 1206 1029 historicus
1223 950 1329 1014 “Bri-

275 1049 384 1112 tannia
400 1059 448 1112 est
468 1050 672 1112 occidentalis
687 1050 803 1126 insula,
818 1050 957 1114 fecunda
972 1037 1179 1135 tyrannorum
1193 1052 1329 1136 patria.”

277 1149 372 1212 Unde
396 1150 545 1214 Boetius:
570 1151 719 1214 “Omnes
739 1151 915 1215 insularum
929 1174 1021 1235 reges
1036 1154 1196 1238 tyranni.”
1241 1153 1326 1217 Item

275 1261 309 1313 et
324 1262 436 1335 poeta:
461 1257 482 1287 “
493 1251 619 1315 Invidia
630 1252 731 1315 Siculi
744 1276 809 1315 non
823 1253 973 1317 invenere
989 1255 1127 1338 tyranni,
1143 1257 1247 1340 majus
1262 1265 1328 1318 tor-

274 1354 450 1416 mentum.”
507 1354 737 1418 Verumtamen
774 1354 926 1438 quoniam
956 1355 1097 1438 generali
1134 1356 1327 1440 plerumque

273 1477 331 1538 per
359 1455 495 1538 speciale
525 1455 668 1538 derogari
696 1455 787 1532 solet,
818 1479 876 1519 nec
905 1456 1045 1519 alienum
1074 1468 1123 1520 est
1152 1468 1245 1520 extra
1277 1479 1326 1520 re·

272 1556 380 1637 gulam
395 1556 557 1619 interdum
573 1556 652 1639 quid
667 1556 814 1633 inveniri,
829 1579 887 1641 per
902 1557 1099 1620 Francorum
1115 1558 1325 1635 dominatum,

273 1655 312 1737 (si
339 1658 455 1720 nostris
473 1658 587 1720 fuisset
602 1657 715 1720 diebus
741 1658 775 1720 in
791 1657 912 1742 Anglia
933 1658 1087 1722 divinitus
1110 1660 1220 1723 datum
1242 1659 1326 1723 sicut

271 1758 377 1820 fuerat
391 1782 410 1820 a
429 1759 539 1820 multis
554 1759 791 1841 desideratum)
808 1759 864 1842 qui
880 1759 972 1843 quasi
991 1761 1130 1823 naturali
1149 1762 1325 1844 propagine

270 1881 361 1942 reges
386 1882 454 1922 esse
481 1870 715 1923 consueverunt
734 1883 798 1922 non
825 1861 965 1944 tyranni,
985 1861 1121 1944 pristina
1144 1863 1184 1925 de
1218 1872 1324 1926 cetero

271 1963 414 2046 tyrannis
427 1962 462 2024 in
477 1961 592 2039 insula,
609 1961 681 2024 Deo
696 1962 903 2045 propitiante,
920 1984 1040 2025 cessare
1054 1963 1198 2026 valeret.1

663 2148 744 2212 Car.
762 2148 941 2213 XXVIII.

268 2301 320 2362 De
335 2300 521 2363 notabilibus
543 2300 724 2385 quibusdam
747 2301 903 2363 eventibus
918 2301 1001 2362 tanti
1018 2301 1178 2387 prineipis
1198 2311 1324 2365 mortem

660 2401 933 2484 procurrentibus.

312 2551 366 2613 ΕΑ
388 2550 488 2634 igitur
510 2574 584 2635 quae
600 2552 683 2614 eirca
702 2551 784 2614 tanti
797 2551 857 2613 viri
880 2573 1024 2614 occasum
1046 2552 1211 2629 notabilia,
1227 2576 1324 2617 cunc·

270 2652 376 2736 tisque
401 2653 575 2738 majoribus
600 2654 633 2715 in
660 2653 846 2736 exemplum
872 2653 1016 2716 terribile
1041 2654 1205 2730 trahenda,
1228 2656 1322 2719 nobis

269 2766 451 2831 occurrunt,
472 2755 611 2839 primum
627 2755 878 2838 explicabimus3
902 2755 1017 2818 deinde
1033 2755 1073 2818 ad
1096 2756 1186 2839 signa
1210 2757 1322 2819 mortis

269 2856 412 2940 ejusdem
434 2857 629 2940 praenuntia,
645 2857 781 2919 visiones
797 2879 928 2940 quoque
942 2856 1043 2920 varias
1058 2867 1092 2920 et
1112 2857 1322 2921 revelationes

269 2959 466 3021 accedemus.
512 2958 552 3021 In
579 2959 690 3042 primis
718 2958 829 3041 itaque
852 2958 1029 3022 notandum
1059 2958 1208 3036 occurrit,
1234 2959 1322 3042 quod

269 3081 342 3121 cum
364 3081 448 3120 anno
462 3059 529 3121 fere
546 3069 614 3122 toto
630 3060 709 3122 duos
731 3059 984 3143 archiepiscopos
998 3059 1049 3122 vel
1064 3070 1139 3135 tres
1155 3059 1321 3143 episcopos

269 3159 319 3221 vel
330 3182 358 3221 v.
373 3159 503 3234 scilicet,
515 3159 565 3221 vel
580 3182 634 3242 sq„
648 3159 747 3224 curiae
762 3181 914 3242 sequaces
928 3159 1053 3235 habuit,
1065 3159 1192 3222 nullum
1206 3160 1240 3222 in
1256 3162 1319 3222 fine
1384 3206 1387 3211 -

269 3259 452 3343 pontificale
468 3260 645 3337 eonsilium,
661 3261 788 3323 nullum
807 3261 945 3345 valicujus
963 3260 1158 3350 authentica
1173 3284 1319 3345 personae

269 3361 429 3436 solatium,
446 3360 563 3424 habere
585 3361 713 3445 potuit3
738 3362 859 3446 quippe
881 3361 1046 3424 ecclesiam
1069 3361 1133 3424 Dei
1156 3372 1189 3425 et
1211 3363 1321 3425 minis·

270 3473 336 3526 tros
359 3464 439 3547 ejus,
462 3463 496 3525 in
518 3474 635 3526 sortem
657 3462 776 3528 Christi
799 3464 927 3541 electos,
952 3463 1009 3547 qui
1032 3463 1175 3526 venerari
1205 3463 1336 3541 solent,

270 3564 383 3628 solatio
403 3565 437 3627 in
456 3565 608 3628 extremis
632 3566 818 3630 sacerdotali
838 3566 935 3649 digna
953 3564 1157 3627 veneratione
1179 3564 1320 3628 fulciun-

264 3670 349 3728 .tur.²
393 3667 463 3733 Qui
488 3689 563 3730 vero
587 3666 663 3729 talia
685 3690 750 3730 non
772 3677 884 3755 agunt,
907 3667 963 3730 sed
987 3665 1183 3750 perniciosos
1210 3667 1319 3750 potius

268 3768 410 3831 ecclesiae
435 3768 518 3831 filios
545 3791 578 3831 se
599 3769 809 3844 constituunt,
833 3768 952 3831 talibus
977 3767 1012 3830 in
1036 3767 1101 3830 fine
1120 3789 1226 3830 carere
1251 3767 1320 3850 ple-

266 3892 403 3953 rumque
434 3870 588 3932 videmus.
648 3868 772 3952 Corpus
812 3879 920 3931 autem
960 3869 993 3930 in
1035 3891 1108 3931 area
1147 3889 1221 3930 eum
1261 3890 1319 3930 ex·

265 3981 449 4055 poneretur,
471 3971 550 4034 adeo
577 3969 745 4054 rapacitati
771 3991 891 4046 omneS,
915 3969 1010 4032 utin
1038 3969 1095 4032 illo
1118 3969 1189 4032 fieri
1215 3957 1319 4032 solent

300 4130 343 4160 ¹“
354 4129 405 4182 Hic
430 4128 509 4180 animi
530 4128 643 4193 livorem,
663 4144 713 4195 quo
740 4126 766 4177 in
852 4124 912 4176 ²111
924 4124 968 4178 the
988 4134 1054 4192 text,
1067 4125 1235 4195 inffandantur
1242 4145 1252 4188 ,·
1272 4125 1318 4178 but

281 4197 402 4250 ernioiem
415 4198 501 4266 stirpis
515 4197 689 4265 Andagavinae
701 4195 766 4248 fere·
816 4193 946 4247 corrected
959 4195 986 4246 in
999 4195 1043 4254 the
1056 4195 1166 4264 margin.

262 4216 346 4386 gatus,
364 4276 451 4338 aperte
468 4267 627 4319 demonstrat
648 4263 765 4318 auctor.'’

287 4354 345 4405 ouq.
