<?xml version="1.0" encoding="UTF-8"?>
<!DOCTYPE html PUBLIC "-//W3C//DTD XHTML 1.0 Transitional//EN"
    "http://www.w3.org/TR/xhtml1/DTD/xhtml1-transitional.dtd">
<html xmlns="http://www.w3.org/1999/xhtml" xml:lang="en" lang="en">
 <head>
  <title>
</title>
<meta http-equiv="Content-Type" content="text/html;charset=utf-8" />
  <meta name='ocr-system' content='tesseract 3.04.00' />
  <meta name='ocr-capabilities' content='ocr_page ocr_carea ocr_par ocr_line ocrx_word'/>
</head>
<body>
  <div class='ocr_page' id='page_1' title='image "./giralduscambren00giragoog_0079.png"; bbox 0 0 3000 5040; ppageno 0'>
   <div class='ocr_carea' id='block_1_1' title="bbox 265 469 1009 536">
    <p class='ocr_par' dir='ltr' id='par_1_1' title="bbox 265 469 1009 536">
     <span class='ocr_line' id='line_1_1' title="bbox 265 469 1009 536; baseline -0.004 -1"><span class='ocrx_word' id='word_1_1' title='bbox 265 475 306 536; x_wconf 84' lang='lat'><strong>38</strong></span> <span class='ocrx_word' id='word_1_2' title='bbox 576 469 757 534; x_wconf 77' lang='lat' dir='ltr'><strong>omannu&#39;s</strong></span> <span class='ocrx_word' id='word_1_3' title='bbox 783 482 1009 534; x_wconf 79' lang='lat' dir='ltr'><strong>cannauusrs</strong></span> 
     </span>
    </p>
   </div>
   <div class='ocr_carea' id='block_1_2' title="bbox 214 631 1322 1021">
    <p class='ocr_par' dir='ltr' id='par_1_2' title="bbox 214 631 1322 1021">
     <span class='ocr_line' id='line_1_2' title="bbox 264 631 1321 720; baseline -0.007 -20"><span class='ocrx_word' id='word_1_4' title='bbox 264 635 357 720; x_wconf 85' lang='lat' dir='ltr'><strong>quasi</strong></span> <span class='ocrx_word' id='word_1_5' title='bbox 377 634 558 698; x_wconf 86' lang='lat' dir='ltr'><strong>Teutonice</strong></span> <span class='ocrx_word' id='word_1_6' title='bbox 573 633 739 698; x_wconf 91' lang='lat' dir='ltr'><strong>convenit:</strong></span> <span class='ocrx_word' id='word_1_7' title='bbox 763 633 834 697; x_wconf 84' lang='lat' dir='ltr'><strong>God</strong></span> <span class='ocrx_word' id='word_1_8' title='bbox 847 632 957 696; x_wconf 77' lang='lat' dir='ltr'><strong>boulde</strong></span> <span class='ocrx_word' id='word_1_9' title='bbox 972 631 1030 694; x_wconf 77' lang='lat' dir='ltr'><strong>dhe</strong></span> <span class='ocrx_word' id='word_1_10' title='bbox 1050 632 1196 715; x_wconf 74' lang='lat' dir='ltr'><strong>Caainq!</strong></span> <span class='ocrx_word' id='word_1_11' title='bbox 1218 631 1321 714; x_wconf 92' lang='lat' dir='ltr'><strong>[quod</strong></span> 
     </span>
     <span class='ocr_line' id='line_1_3' title="bbox 265 732 1321 817; baseline -0.005 -16"><span class='ocrx_word' id='word_1_12' title='bbox 265 736 382 801; x_wconf 84' lang='lat' dir='ltr'><strong>Latine</strong></span> <span class='ocrx_word' id='word_1_13' title='bbox 398 743 499 812; x_wconf 91' lang='lat' dir='ltr'><strong>sonat,</strong></span> <span class='ocrx_word' id='word_1_14' title='bbox 513 736 602 798; x_wconf 80' lang='lat' dir='ltr'><strong>Deus</strong></span> <span class='ocrx_word' id='word_1_15' title='bbox 617 754 647 798; x_wconf 81' lang='lat' dir='ltr'><strong>te</strong></span> <span class='ocrx_word' id='word_1_16' title='bbox 662 734 829 811; x_wconf 81' lang='lat' dir='ltr'><strong>custodiat,</strong></span> <span class='ocrx_word' id='word_1_17' title='bbox 847 735 919 797; x_wconf 80' lang='lat' dir='ltr'><strong>Rex</strong></span> <span class='ocrx_word' id='word_1_18' title='bbox 928 739 943 798; x_wconf 65' lang='grc' dir='ltr'><strong>,Ι</strong></span> <span class='ocrx_word' id='word_1_19' title='bbox 952 732 977 816; x_wconf 89' lang='lat'><strong>¹]</strong></span> <span class='ocrx_word' id='word_1_20' title='bbox 1024 733 1071 795; x_wconf 91' lang='lat' dir='ltr'><strong>Et</strong></span> <span class='ocrx_word' id='word_1_21' title='bbox 1084 743 1197 817; x_wconf 90' lang='lat' dir='ltr'><strong>postea</strong></span> <span class='ocrx_word' id='word_1_22' title='bbox 1210 733 1321 797; x_wconf 87' lang='lat' dir='ltr'><strong>eadem</strong></span> 
     </span>
     <span class='ocr_line' id='line_1_4' title="bbox 264 833 1322 921; baseline -0.003 -20"><span class='ocrx_word' id='word_1_23' title='bbox 264 839 375 920; x_wconf 87' lang='lat' dir='ltr'><strong>lingua</strong></span> <span class='ocrx_word' id='word_1_24' title='bbox 402 846 592 921; x_wconf 90' lang='lat' dir='ltr'><strong>prosecutus</strong></span> <span class='ocrx_word' id='word_1_25' title='bbox 617 835 723 899; x_wconf 91' lang='lat' dir='ltr'><strong>estin</strong></span> <span class='ocrx_word' id='word_1_26' title='bbox 747 836 829 898; x_wconf 91' lang='lat' dir='ltr'><strong>hanc</strong></span> <span class='ocrx_word' id='word_1_27' title='bbox 854 834 1066 898; x_wconf 84' lang='lat' dir='ltr'>sententiam:</span> <span class='ocrx_word' id='word_1_28' title='bbox 1096 833 1253 897; x_wconf 88' lang='lat' dir='ltr'><strong>“Salutat</strong></span> <span class='ocrx_word' id='word_1_29' title='bbox 1266 857 1322 898; x_wconf 93' lang='lat' dir='ltr'><strong>vos</strong></span> 
     </span>
     <span class='ocr_line' id='line_1_5' title="bbox 214 933 1322 1021; baseline -0.003 -20"><span class='ocrx_word' id='word_1_30' title='bbox 214 948 219 954; x_wconf 77' lang='grc'><strong><em>’</em></strong></span> <span class='ocrx_word' id='word_1_31' title='bbox 267 937 414 1001; x_wconf 89' lang='lat' dir='ltr'><strong>Christus</strong></span> <span class='ocrx_word' id='word_1_32' title='bbox 437 947 470 1000; x_wconf 91' lang='lat' dir='ltr'><strong>ct</strong></span> <span class='ocrx_word' id='word_1_33' title='bbox 492 936 546 1021; x_wconf 93' lang='lat' dir='ltr'><strong>pia</strong></span> <span class='ocrx_word' id='word_1_34' title='bbox 572 947 675 1000; x_wconf 90' lang='lat' dir='ltr'><strong>mater</strong></span> <span class='ocrx_word' id='word_1_35' title='bbox 696 937 777 1020; x_wconf 89' lang='lat' dir='ltr'><strong>ejus,</strong></span> <span class='ocrx_word' id='word_1_36' title='bbox 798 935 938 999; x_wconf 88' lang='lat' dir='ltr'><strong>Joanncs</strong></span> <span class='ocrx_word' id='word_1_37' title='bbox 961 956 1091 1018; x_wconf 90' lang='lat' dir='ltr'><strong>quoque</strong></span> <span class='ocrx_word' id='word_1_38' title='bbox 1114 933 1262 1018; x_wconf 81' lang='lat' dir='ltr'>Baptista</span> <span class='ocrx_word' id='word_1_39' title='bbox 1288 945 1322 998; x_wconf 90' lang='lat' dir='ltr'><strong>et</strong></span> 
     </span>
    </p>
   </div>
   <div class='ocr_carea' id='block_1_3' title="bbox 177 1036 1323 4264">
    <p class='ocr_par' dir='ltr' id='par_1_3' title="bbox 177 1036 1323 4264">
     <span class='ocr_line' id='line_1_6' title="bbox 266 1036 1322 1123; baseline -0.002 -22"><span class='ocrx_word' id='word_1_40' title='bbox 266 1037 443 1123; x_wconf 87' lang='lat' dir='ltr'>Apostolus</span> <span class='ocrx_word' id='word_1_41' title='bbox 472 1037 600 1114; x_wconf 89' lang='lat' dir='ltr'><strong>Petrus,</strong></span> <span class='ocrx_word' id='word_1_42' title='bbox 624 1037 812 1100; x_wconf 85' lang='lat' dir='ltr'><strong>mandantes</strong></span> <span class='ocrx_word' id='word_1_43' title='bbox 836 1036 939 1112; x_wconf 90' lang='lat' dir='ltr'><strong>vobis,</strong></span> <span class='ocrx_word' id='word_1_44' title='bbox 963 1046 1123 1120; x_wconf 90' lang='lat' dir='ltr'><strong>quatenus</strong></span> <span class='ocrx_word' id='word_1_45' title='bbox 1155 1056 1213 1119; x_wconf 90' lang='lat' dir='ltr'><strong>per</strong></span> <span class='ocrx_word' id='word_1_46' title='bbox 1238 1045 1322 1099; x_wconf 91' lang='lat' dir='ltr'><strong>totas</strong></span> 
     </span>
     <span class='ocr_line' id='line_1_7' title="bbox 265 1137 1322 1215; baseline -0.002 -13"><span class='ocrx_word' id='word_1_47' title='bbox 265 1139 380 1202; x_wconf 88' lang='lat' dir='ltr'><strong>ditioni</strong></span> <span class='ocrx_word' id='word_1_48' title='bbox 408 1148 523 1203; x_wconf 87' lang='lat' dir='ltr'><strong>vestrae</strong></span> <span class='ocrx_word' id='word_1_49' title='bbox 558 1148 658 1202; x_wconf 88' lang='lat' dir='ltr'><strong>terras</strong></span> <span class='ocrx_word' id='word_1_50' title='bbox 695 1138 850 1215; x_wconf 86' lang='lat' dir='ltr'><strong>subditas,</strong></span> <span class='ocrx_word' id='word_1_51' title='bbox 880 1160 920 1200; x_wconf 92' lang='lat' dir='ltr'><strong>ne</strong></span> <span class='ocrx_word' id='word_1_52' title='bbox 956 1147 1114 1200; x_wconf 86' lang='lat' dir='ltr'><strong>mercatus</strong></span> <span class='ocrx_word' id='word_1_53' title='bbox 1143 1137 1322 1200; x_wconf 87' lang='lat' dir='ltr'><strong>Dominicis</strong></span> 
     </span>
     <span class='ocr_line' id='line_1_8' title="bbox 265 1237 1322 1320; baseline -0.006 -15"><span class='ocrx_word' id='word_1_54' title='bbox 265 1242 379 1305; x_wconf 89' lang='lat' dir='ltr'><strong>diebus</strong></span> <span class='ocrx_word' id='word_1_55' title='bbox 402 1241 492 1318; x_wconf 90' lang='lat' dir='ltr'><strong>fiant,</strong></span> <span class='ocrx_word' id='word_1_56' title='bbox 516 1239 651 1304; x_wconf 90' lang='lat' dir='ltr'><strong>firmiter</strong></span> <span class='ocrx_word' id='word_1_57' title='bbox 678 1238 819 1303; x_wconf 88' lang='lat' dir='ltr'><strong>inhiberi</strong></span> <span class='ocrx_word' id='word_1_58' title='bbox 844 1237 992 1316; x_wconf 83' lang='lat' dir='ltr'><strong>faciatis3</strong></span> <span class='ocrx_word' id='word_1_59' title='bbox 1023 1247 1056 1300; x_wconf 93' lang='lat' dir='ltr'><strong>et</strong></span> <span class='ocrx_word' id='word_1_60' title='bbox 1082 1237 1170 1320; x_wconf 93' lang='lat' dir='ltr'><strong>quod</strong></span> <span class='ocrx_word' id='word_1_61' title='bbox 1196 1237 1231 1300; x_wconf 92' lang='lat' dir='ltr'><strong>in</strong></span> <span class='ocrx_word' id='word_1_62' title='bbox 1257 1238 1322 1300; x_wconf 89' lang='lat' dir='ltr'><strong>illis</strong></span> 
     </span>
     <span class='ocr_line' id='line_1_9' title="bbox 264 1338 1322 1427; baseline -0.004 -22"><span class='ocrx_word' id='word_1_63' title='bbox 264 1342 346 1405; x_wconf 92' lang='lat' dir='ltr'><strong>nihil</strong></span> <span class='ocrx_word' id='word_1_64' title='bbox 371 1343 497 1427; x_wconf 88' lang='lat' dir='ltr'><strong>uspiam</strong></span> <span class='ocrx_word' id='word_1_65' title='bbox 523 1341 629 1426; x_wconf 91' lang='lat' dir='ltr'><strong>operis</strong></span> <span class='ocrx_word' id='word_1_66' title='bbox 653 1341 721 1418; x_wconf 87' lang='lat' dir='ltr'><strong>fiat,</strong></span> <span class='ocrx_word' id='word_1_67' title='bbox 746 1340 809 1404; x_wconf 89' lang='lat' dir='ltr'><strong>nisi</strong></span> <span class='ocrx_word' id='word_1_68' title='bbox 834 1339 977 1403; x_wconf 91' lang='lat' dir='ltr'><strong>divinum</strong></span> <span class='ocrx_word' id='word_1_69' title='bbox 1003 1338 1155 1416; x_wconf 90' lang='lat' dir='ltr'><strong>officium,</strong></span> <span class='ocrx_word' id='word_1_70' title='bbox 1179 1348 1213 1402; x_wconf 91' lang='lat' dir='ltr'><strong>et</strong></span> <span class='ocrx_word' id='word_1_71' title='bbox 1240 1339 1322 1401; x_wconf 93' lang='lat' dir='ltr'><strong>illud</strong></span> 
     </span>
     <span class='ocr_line' id='line_1_10' title="bbox 264 1440 1322 1526; baseline -0.004 -20"><span class='ocrx_word' id='word_1_72' title='bbox 264 1443 379 1507; x_wconf 90' lang='lat' dir='ltr'><strong>devote</strong></span> <span class='ocrx_word' id='word_1_73' title='bbox 393 1442 498 1506; x_wconf 85' lang='lat' dir='ltr'><strong>facere</strong></span> <span class='ocrx_word' id='word_1_74' title='bbox 510 1452 545 1505; x_wconf 90' lang='lat' dir='ltr'><strong>et</strong></span> <span class='ocrx_word' id='word_1_75' title='bbox 559 1441 681 1520; x_wconf 87' lang='lat' dir='ltr'><strong>audire,</strong></span> <span class='ocrx_word' id='word_1_76' title='bbox 693 1452 812 1526; x_wconf 89' lang='lat' dir='ltr'><strong>praeter</strong></span> <span class='ocrx_word' id='word_1_77' title='bbox 823 1441 943 1504; x_wconf 91' lang='lat' dir='ltr'><strong>cibaria</strong></span> <span class='ocrx_word' id='word_1_78' title='bbox 957 1441 1071 1518; x_wconf 89' lang='lat' dir='ltr'><strong>solum,</strong></span> <span class='ocrx_word' id='word_1_79' title='bbox 1082 1462 1156 1523; x_wconf 89' lang='lat' dir='ltr'><strong>quae</strong></span> <span class='ocrx_word' id='word_1_80' title='bbox 1172 1440 1212 1504; x_wconf 94' lang='lat' dir='ltr'><strong>ad</strong></span> <span class='ocrx_word' id='word_1_81' title='bbox 1227 1461 1322 1502; x_wconf 91' lang='lat' dir='ltr'><strong>usum</strong></span> 
     </span>
     <span class='ocr_line' id='line_1_11' title="bbox 264 1541 1322 1628; baseline -0.005 -21"><span class='ocrx_word' id='word_1_82' title='bbox 264 1543 417 1608; x_wconf 91' lang='lat' dir='ltr'><strong>diurnum</strong></span> <span class='ocrx_word' id='word_1_83' title='bbox 440 1554 676 1628; x_wconf 75' lang='lat' dir='ltr'><strong>praeparentur.</strong></span> <span class='ocrx_word' id='word_1_84' title='bbox 722 1543 821 1610; x_wconf 83' lang='lat' dir='ltr'><strong>Quod</strong></span> <span class='ocrx_word' id='word_1_85' title='bbox 846 1543 873 1606; x_wconf 90' lang='lat' dir='ltr'><strong>si</strong></span> <span class='ocrx_word' id='word_1_86' title='bbox 898 1542 1050 1619; x_wconf 85' lang='lat' dir='ltr'><strong>feceritis,</strong></span> <span class='ocrx_word' id='word_1_87' title='bbox 1074 1541 1156 1604; x_wconf 92' lang='lat' dir='ltr'><strong>nihil</strong></span> <span class='ocrx_word' id='word_1_88' title='bbox 1177 1563 1322 1624; x_wconf 90' lang='lat' dir='ltr'><strong>unquam</strong></span> 
     </span>
     <span class='ocr_line' id='line_1_12' title="bbox 263 1640 1323 1728; baseline -0.004 -20"><span class='ocrx_word' id='word_1_89' title='bbox 263 1645 456 1708; x_wconf 88' lang='lat' dir='ltr'><strong>inchoabitis</strong></span> <span class='ocrx_word' id='word_1_90' title='bbox 472 1645 560 1728; x_wconf 94' lang='lat' dir='ltr'><strong>quod</strong></span> <span class='ocrx_word' id='word_1_91' title='bbox 578 1645 643 1707; x_wconf 91' lang='lat' dir='ltr'><strong>fine</strong></span> <span class='ocrx_word' id='word_1_92' title='bbox 660 1645 746 1708; x_wconf 94' lang='lat' dir='ltr'><strong>bono</strong></span> <span class='ocrx_word' id='word_1_93' title='bbox 763 1667 829 1707; x_wconf 92' lang='lat' dir='ltr'><strong>non</strong></span> <span class='ocrx_word' id='word_1_94' title='bbox 847 1645 1056 1727; x_wconf 87' lang='lat' dir='ltr'><strong>compleatur,</strong></span> <span class='ocrx_word' id='word_1_95' title='bbox 1072 1644 1236 1726; x_wconf 90' lang='lat' dir='ltr'><strong>vitamque</strong></span> <span class='ocrx_word' id='word_1_96' title='bbox 1250 1640 1323 1705; x_wconf 88' lang='lat' dir='ltr'><strong>feli-</strong></span> 
     </span>
     <span class='ocr_line' id='line_1_13' title="bbox 263 1744 1322 1821; baseline -0.002 -13"><span class='ocrx_word' id='word_1_97' title='bbox 263 1746 344 1809; x_wconf 90' lang='lat' dir='ltr'><strong>citer</strong></span> <span class='ocrx_word' id='word_1_98' title='bbox 379 1744 671 1809; x_wconf 89' lang='lat' dir='ltr'><strong>consummabitis.”</strong></span> <span class='ocrx_word' id='word_1_99' title='bbox 728 1744 806 1807; x_wconf 88' lang='lat' dir='ltr'><strong>Rex</strong></span> <span class='ocrx_word' id='word_1_100' title='bbox 842 1755 951 1808; x_wconf 90' lang='lat' dir='ltr'><strong>autem</strong></span> <span class='ocrx_word' id='word_1_101' title='bbox 986 1745 1093 1821; x_wconf 89' lang='lat' dir='ltr'><strong>militi,</strong></span> <span class='ocrx_word' id='word_1_102' title='bbox 1124 1745 1176 1808; x_wconf 92' lang='lat' dir='ltr'><strong>cui</strong></span> <span class='ocrx_word' id='word_1_103' title='bbox 1204 1767 1322 1807; x_wconf 91' lang='lat' dir='ltr'><strong>nomen</strong></span> 
     </span>
     <span class='ocr_line' id='line_1_14' title="bbox 235 1846 1321 1938; baseline -0.002 -27"><span class='ocrx_word' id='word_1_104' title='bbox 235 1901 236 1904; x_wconf 63' lang='lat'><strong>,</strong></span> <span class='ocrx_word' id='word_1_105' title='bbox 264 1847 437 1932; x_wconf 88' lang='lat' dir='ltr'><strong>Philippus</strong></span> <span class='ocrx_word' id='word_1_106' title='bbox 460 1847 499 1910; x_wconf 89' lang='lat' dir='ltr'><strong>de</strong></span> <span class='ocrx_word' id='word_1_107' title='bbox 523 1847 692 1938; x_wconf 74' lang='lat' dir='ltr'><strong>Mercros,²</strong></span> <span class='ocrx_word' id='word_1_108' title='bbox 716 1846 773 1930; x_wconf 94' lang='lat' dir='ltr'><strong>qui</strong></span> <span class='ocrx_word' id='word_1_109' title='bbox 796 1855 830 1910; x_wconf 91' lang='lat' dir='ltr'><strong>et</strong></span> <span class='ocrx_word' id='word_1_110' title='bbox 852 1846 992 1909; x_wconf 86' lang='lat' dir='ltr'><strong>fraenum</strong></span> <span class='ocrx_word' id='word_1_111' title='bbox 1015 1846 1093 1929; x_wconf 91' lang='lat' dir='ltr'><strong>equi</strong></span> <span class='ocrx_word' id='word_1_112' title='bbox 1116 1846 1257 1921; x_wconf 87' lang='lat' dir='ltr'><strong>tenebat,</strong></span> <span class='ocrx_word' id='word_1_113' title='bbox 1282 1846 1321 1909; x_wconf 89' lang='lat' dir='ltr'><strong>de</strong></span> 
     </span>
     <span class='ocr_line' id='line_1_15' title="bbox 262 1949 1321 2036; baseline -0.002 -22"><span class='ocrx_word' id='word_1_114' title='bbox 262 1951 383 2014; x_wconf 89' lang='lat' dir='ltr'><strong>finibus</strong></span> <span class='ocrx_word' id='word_1_115' title='bbox 408 1951 473 2014; x_wconf 90' lang='lat' dir='ltr'><strong>illis</strong></span> <span class='ocrx_word' id='word_1_116' title='bbox 495 1949 642 2028; x_wconf 88' lang='lat' dir='ltr'><strong>oriundo,</strong></span> <span class='ocrx_word' id='word_1_117' title='bbox 667 1950 725 2036; x_wconf 95' lang='lat' dir='ltr'><strong>qui</strong></span> <span class='ocrx_word' id='word_1_118' title='bbox 747 1951 845 2014; x_wconf 87' lang='lat' dir='ltr'><strong>etiarn</strong></span> <span class='ocrx_word' id='word_1_119' title='bbox 869 1950 940 2014; x_wconf 89' lang='lat' dir='ltr'><strong>haec</strong></span> <span class='ocrx_word' id='word_1_120' title='bbox 962 1950 1056 2014; x_wconf 93' lang='lat' dir='ltr'><strong>nobis</strong></span> <span class='ocrx_word' id='word_1_121' title='bbox 1070 1973 1145 2014; x_wconf 91' lang='lat' dir='ltr'><strong>vera</strong></span> <span class='ocrx_word' id='word_1_122' title='bbox 1166 1949 1321 2012; x_wconf 87' lang='lat' dir='ltr'><strong>relatione</strong></span> 
     </span>
     <span class='ocr_line' id='line_1_16' title="bbox 262 2050 1320 2137; baseline -0.003 -21"><span class='ocrx_word' id='word_1_123' title='bbox 262 2051 453 2137; x_wconf 88' lang='lat' dir='ltr'><strong>propalavit,</strong></span> <span class='ocrx_word' id='word_1_124' title='bbox 477 2050 563 2115; x_wconf 87' lang='lat' dir='ltr'><strong>dixit</strong></span> <span class='ocrx_word' id='word_1_125' title='bbox 588 2051 699 2136; x_wconf 88' lang='lat' dir='ltr'><strong>lingua</strong></span> <span class='ocrx_word' id='word_1_126' title='bbox 721 2052 868 2117; x_wconf 83' lang='lat' dir='ltr'><strong>Gallica:</strong></span> <span class='ocrx_word' id='word_1_127' title='bbox 890 2051 1044 2118; x_wconf 84' lang='lat' dir='ltr'><strong>“Quaere</strong></span> <span class='ocrx_word' id='word_1_128' title='bbox 1070 2075 1089 2115; x_wconf 90' lang='lat' dir='ltr'><strong>a</strong></span> <span class='ocrx_word' id='word_1_129' title='bbox 1111 2051 1230 2115; x_wconf 90' lang='lat' dir='ltr'><strong>rustico</strong></span> <span class='ocrx_word' id='word_1_130' title='bbox 1253 2051 1320 2129; x_wconf 93' lang='lat' dir='ltr'><strong>illo,</strong></span> 
     </span>
     <span class='ocr_line' id='line_1_17' title="bbox 262 2152 1322 2238; baseline -0.002 -21"><span class='ocrx_word' id='word_1_131' title='bbox 262 2164 373 2217; x_wconf 87' lang='lat' dir='ltr'><strong>utrum</strong></span> <span class='ocrx_word' id='word_1_132' title='bbox 393 2153 454 2217; x_wconf 89' lang='lat' dir='ltr'><strong>hoc</strong></span> <span class='ocrx_word' id='word_1_133' title='bbox 477 2153 726 2219; x_wconf 77' lang='lat' dir='ltr'><strong>somniaverit?”</strong></span> <span class='ocrx_word' id='word_1_134' title='bbox 770 2155 904 2218; x_wconf 90' lang='lat' dir='ltr'><strong>Etcum</strong></span> <span class='ocrx_word' id='word_1_135' title='bbox 921 2154 983 2218; x_wconf 92' lang='lat' dir='ltr'><strong>hoc</strong></span> <span class='ocrx_word' id='word_1_136' title='bbox 998 2152 1134 2238; x_wconf 86' lang='lat' dir='ltr'><strong>Anglice</strong></span> <span class='ocrx_word' id='word_1_137' title='bbox 1156 2153 1247 2216; x_wconf 92' lang='lat' dir='ltr'><strong>miles</strong></span> <span class='ocrx_word' id='word_1_138' title='bbox 1264 2175 1322 2216; x_wconf 88' lang='lat' dir='ltr'><strong>ex·</strong></span> 
     </span>
     <span class='ocr_line' id='line_1_18' title="bbox 262 2254 1320 2340; baseline -0.002 -22"><span class='ocrx_word' id='word_1_139' title='bbox 262 2265 407 2340; x_wconf 90' lang='lat' dir='ltr'><strong>poneret,</strong></span> <span class='ocrx_word' id='word_1_140' title='bbox 420 2255 559 2340; x_wconf 86' lang='lat' dir='ltr'><strong>subjecit</strong></span> <span class='ocrx_word' id='word_1_141' title='bbox 573 2254 629 2318; x_wconf 90' lang='lat' dir='ltr'><strong>ille</strong></span> <span class='ocrx_word' id='word_1_142' title='bbox 640 2255 752 2340; x_wconf 91' lang='lat' dir='ltr'><strong>lingua</strong></span> <span class='ocrx_word' id='word_1_143' title='bbox 766 2255 884 2340; x_wconf 91' lang='lat' dir='ltr'><strong>priore,</strong></span> <span class='ocrx_word' id='word_1_144' title='bbox 898 2254 1001 2318; x_wconf 86' lang='lat' dir='ltr'><strong>“Sive</strong></span> <span class='ocrx_word' id='word_1_145' title='bbox 1015 2254 1076 2318; x_wconf 95' lang='lat' dir='ltr'><strong>hoc</strong></span> <span class='ocrx_word' id='word_1_146' title='bbox 1088 2254 1320 2331; x_wconf 87' lang='lat' dir='ltr'><strong>somniaverim,</strong></span> 
     </span>
     <span class='ocr_line' id='line_1_19' title="bbox 261 2355 1321 2441; baseline -0.002 -22"><span class='ocrx_word' id='word_1_147' title='bbox 261 2355 381 2440; x_wconf 92' lang='lat' dir='ltr'><strong>inquit,</strong></span> <span class='ocrx_word' id='word_1_148' title='bbox 398 2356 464 2420; x_wconf 89' lang='lat' dir='ltr'><strong>sive</strong></span> <span class='ocrx_word' id='word_1_149' title='bbox 483 2379 560 2434; x_wconf 92' lang='lat' dir='ltr'><strong>non,</strong></span> <span class='ocrx_word' id='word_1_150' title='bbox 575 2356 648 2421; x_wconf 90' lang='lat' dir='ltr'><strong>vide</strong></span> <span class='ocrx_word' id='word_1_151' title='bbox 664 2357 736 2441; x_wconf 93' lang='lat' dir='ltr'><strong>quis</strong></span> <span class='ocrx_word' id='word_1_152' title='bbox 751 2357 847 2421; x_wconf 90' lang='lat' dir='ltr'><strong>hodie</strong></span> <span class='ocrx_word' id='word_1_153' title='bbox 863 2357 931 2421; x_wconf 87' lang='lat' dir='ltr'><strong>dies</strong></span> <span class='ocrx_word' id='word_1_154' title='bbox 951 2356 993 2420; x_wconf 90' lang='lat' dir='ltr'><strong>sit</strong></span> <span class='ocrx_word' id='word_1_155' title='bbox 1005 2383 1013 2436; x_wconf 91' lang='lat'>;</span> <span class='ocrx_word' id='word_1_156' title='bbox 1026 2356 1044 2382; x_wconf 92' lang='grc'>”</span> <span class='ocrx_word' id='word_1_157' title='bbox 1061 2355 1209 2439; x_wconf 91' lang='lat' dir='ltr'><strong>(loquens</strong></span> <span class='ocrx_word' id='word_1_158' title='bbox 1224 2355 1321 2437; x_wconf 85' lang='lat' dir='ltr'><strong>Regi,</strong></span> 
     </span>
     <span class='ocr_line' id='line_1_20' title="bbox 263 2457 1321 2543; baseline 0.001 -24"><span class='ocrx_word' id='word_1_159' title='bbox 263 2479 328 2520; x_wconf 92' lang='lat' dir='ltr'><strong>non</strong></span> <span class='ocrx_word' id='word_1_160' title='bbox 365 2457 536 2543; x_wconf 88' lang='lat' dir='ltr'><strong>interpreti</strong></span> <span class='ocrx_word' id='word_1_161' title='bbox 552 2457 588 2542; x_wconf 83' lang='lat'><strong>3)</strong></span> <span class='ocrx_word' id='word_1_162' title='bbox 626 2462 648 2494; x_wconf 92' lang='lat'><strong>“</strong></span> <span class='ocrx_word' id='word_1_163' title='bbox 664 2458 741 2542; x_wconf 89' lang='lat' dir='ltr'><strong>quia</strong></span> <span class='ocrx_word' id='word_1_164' title='bbox 777 2458 839 2522; x_wconf 88' lang='lat' dir='ltr'><strong>nisi</strong></span> <span class='ocrx_word' id='word_1_165' title='bbox 879 2459 941 2522; x_wconf 89' lang='lat' dir='ltr'><strong>hoe</strong></span> <span class='ocrx_word' id='word_1_166' title='bbox 977 2457 1128 2535; x_wconf 88' lang='lat' dir='ltr'><strong>feceritis,</strong></span> <span class='ocrx_word' id='word_1_167' title='bbox 1156 2458 1321 2540; x_wconf 91' lang='lat' dir='ltr'><strong>vitamque</strong></span> 
     </span>
     <span class='ocr_line' id='line_1_21' title="bbox 263 2558 1320 2644; baseline 0 -24"><span class='ocrx_word' id='word_1_168' title='bbox 263 2558 420 2621; x_wconf 88' lang='lat' dir='ltr'><strong>maturius</strong></span> <span class='ocrx_word' id='word_1_169' title='bbox 446 2559 673 2637; x_wconf 84' lang='lat' dir='ltr'><strong>emendaveris,</strong></span> <span class='ocrx_word' id='word_1_170' title='bbox 700 2559 889 2644; x_wconf 91' lang='lat' dir='ltr'><strong>priusquam</strong></span> <span class='ocrx_word' id='word_1_171' title='bbox 917 2582 1019 2624; x_wconf 89' lang='lat' dir='ltr'><strong>annus</strong></span> <span class='ocrx_word' id='word_1_172' title='bbox 1047 2558 1109 2623; x_wconf 92' lang='lat' dir='ltr'><strong>iste</strong></span> <span class='ocrx_word' id='word_1_173' title='bbox 1125 2567 1320 2642; x_wconf 78' lang='lat' dir='ltr'><strong>praetereat,</strong></span> 
     </span>
     <span class='ocr_line' id='line_1_22' title="bbox 263 2659 1320 2745; baseline 0 -24"><span class='ocrx_word' id='word_1_174' title='bbox 263 2659 344 2722; x_wconf 88' lang='lat' dir='ltr'><strong>tales</strong></span> <span class='ocrx_word' id='word_1_175' title='bbox 363 2659 402 2722; x_wconf 92' lang='lat' dir='ltr'><strong>de</strong></span> <span class='ocrx_word' id='word_1_176' title='bbox 417 2659 524 2736; x_wconf 88' lang='lat' dir='ltr'><strong>rebus,</strong></span> <span class='ocrx_word' id='word_1_177' title='bbox 541 2659 670 2742; x_wconf 88' lang='lat' dir='ltr'><strong>quasin</strong></span> <span class='ocrx_word' id='word_1_178' title='bbox 684 2660 805 2724; x_wconf 92' lang='lat' dir='ltr'><strong>mundo</strong></span> <span class='ocrx_word' id='word_1_179' title='bbox 820 2660 893 2745; x_wconf 89' lang='lat' dir='ltr'><strong>plus</strong></span> <span class='ocrx_word' id='word_1_180' title='bbox 908 2660 1025 2744; x_wconf 88' lang='lat' dir='ltr'><strong>diligis,</strong></span> <span class='ocrx_word' id='word_1_181' title='bbox 1040 2683 1184 2724; x_wconf 88' lang='lat' dir='ltr'><strong>rumores</strong></span> <span class='ocrx_word' id='word_1_182' title='bbox 1199 2659 1320 2736; x_wconf 89' lang='lat' dir='ltr'><strong>audies,</strong></span> 
     </span>
     <span class='ocr_line' id='line_1_23' title="bbox 262 2760 1321 2847; baseline -0.001 -23"><span class='ocrx_word' id='word_1_183' title='bbox 262 2761 426 2845; x_wconf 88' lang='lat' dir='ltr'><strong>talemque</strong></span> <span class='ocrx_word' id='word_1_184' title='bbox 448 2761 666 2825; x_wconf 87' lang='lat' dir='ltr'><strong>turbationem</strong></span> <span class='ocrx_word' id='word_1_185' title='bbox 687 2762 762 2826; x_wconf 92' lang='lat' dir='ltr'><strong>inde</strong></span> <span class='ocrx_word' id='word_1_186' title='bbox 784 2762 939 2847; x_wconf 82' lang='lat' dir='ltr'><strong>recipies3</strong></span> <span class='ocrx_word' id='word_1_187' title='bbox 971 2785 1045 2845; x_wconf 91' lang='lat' dir='ltr'><strong>quae</strong></span> <span class='ocrx_word' id='word_1_188' title='bbox 1071 2762 1258 2845; x_wconf 85' lang='lat' dir='ltr'><strong>tibiasque</strong></span> <span class='ocrx_word' id='word_1_189' title='bbox 1280 2760 1321 2823; x_wconf 86' lang='lat' dir='ltr'><strong>ad</strong></span> 
     </span>
     <span class='ocr_line' id='line_1_24' title="bbox 263 2860 1321 2947; baseline -0.001 -22"><span class='ocrx_word' id='word_1_190' title='bbox 263 2862 390 2925; x_wconf 87' lang='lat' dir='ltr'><strong>exitum</strong></span> <span class='ocrx_word' id='word_1_191' title='bbox 409 2860 486 2924; x_wconf 88' lang='lat' dir='ltr'><strong>vitae</strong></span> <span class='ocrx_word' id='word_1_192' title='bbox 504 2883 570 2924; x_wconf 93' lang='lat' dir='ltr'><strong>non</strong></span> <span class='ocrx_word' id='word_1_193' title='bbox 587 2862 746 2926; x_wconf 88' lang='lat' dir='ltr'><strong>deficiet.”</strong></span> <span class='ocrx_word' id='word_1_194' title='bbox 790 2863 927 2926; x_wconf 90' lang='lat' dir='ltr'><strong>Etcum</strong></span> <span class='ocrx_word' id='word_1_195' title='bbox 947 2863 1025 2926; x_wconf 86' lang='lat' dir='ltr'><strong>Rex</strong></span> <span class='ocrx_word' id='word_1_196' title='bbox 1047 2862 1108 2926; x_wconf 89' lang='lat' dir='ltr'><strong>hoc</strong></span> <span class='ocrx_word' id='word_1_197' title='bbox 1123 2863 1219 2939; x_wconf 84' lang='lat' dir='ltr'><strong>dicto,</strong></span> <span class='ocrx_word' id='word_1_198' title='bbox 1237 2885 1321 2947; x_wconf 89' lang='lat' dir='ltr'><strong>equo</strong></span> 
     </span>
     <span class='ocr_line' id='line_1_25' title="bbox 264 2962 1320 3049; baseline 0.002 -25"><span class='ocrx_word' id='word_1_199' title='bbox 264 2962 437 3025; x_wconf 89' lang='lat' dir='ltr'><strong>calcaribus</strong></span> <span class='ocrx_word' id='word_1_200' title='bbox 455 2962 589 3038; x_wconf 93' lang='lat' dir='ltr'><strong>monito,</strong></span> <span class='ocrx_word' id='word_1_201' title='bbox 604 2985 720 3046; x_wconf 92' lang='lat' dir='ltr'><strong>parum</strong></span> <span class='ocrx_word' id='word_1_202' title='bbox 734 2985 842 3026; x_wconf 87' lang='lat' dir='ltr'><strong>versus</strong></span> <span class='ocrx_word' id='word_1_203' title='bbox 864 2974 990 3048; x_wconf 91' lang='lat' dir='ltr'><strong>portam</strong></span> <span class='ocrx_word' id='word_1_204' title='bbox 1010 2973 1043 3026; x_wconf 91' lang='lat' dir='ltr'><strong>et</strong></span> <span class='ocrx_word' id='word_1_205' title='bbox 1059 2964 1150 3047; x_wconf 89' lang='lat' dir='ltr'><strong>quasi</strong></span> <span class='ocrx_word' id='word_1_206' title='bbox 1171 2964 1320 3049; x_wconf 79' lang='lat' dir='ltr'><strong>passibus</strong></span> 
     </span>
     <span class='ocr_line' id='line_1_26' title="bbox 263 3061 1318 3149; baseline 0.002 -24"><span class='ocrx_word' id='word_1_207' title='bbox 263 3071 336 3125; x_wconf 87' lang='lat' dir='ltr'><strong>octo</strong></span> <span class='ocrx_word' id='word_1_208' title='bbox 350 3061 566 3146; x_wconf 90' lang='lat' dir='ltr'><strong>processisset,</strong></span> <span class='ocrx_word' id='word_1_209' title='bbox 582 3085 679 3146; x_wconf 90' lang='lat' dir='ltr'><strong>super</strong></span> <span class='ocrx_word' id='word_1_210' title='bbox 692 3063 754 3127; x_wconf 94' lang='lat' dir='ltr'><strong>hoc</strong></span> <span class='ocrx_word' id='word_1_211' title='bbox 770 3074 877 3127; x_wconf 87' lang='lat' dir='ltr'><strong>tamen</strong></span> <span class='ocrx_word' id='word_1_212' title='bbox 894 3065 984 3149; x_wconf 92' lang='lat' dir='ltr'><strong>quod</strong></span> <span class='ocrx_word' id='word_1_213' title='bbox 1005 3065 1150 3128; x_wconf 90' lang='lat' dir='ltr'><strong>audierat</strong></span> <span class='ocrx_word' id='word_1_214' title='bbox 1165 3064 1318 3148; x_wconf 86' lang='lat' dir='ltr'><strong>cogitans,</strong></span> 
     </span>
     <span class='ocr_line' id='line_1_27' title="bbox 264 3163 1320 3250; baseline 0.003 -25"><span class='ocrx_word' id='word_1_215' title='bbox 264 3172 298 3226; x_wconf 91' lang='lat' dir='ltr'><strong>et</strong></span> <span class='ocrx_word' id='word_1_216' title='bbox 311 3163 379 3226; x_wconf 91' lang='lat' dir='ltr'><strong>lora</strong></span> <span class='ocrx_word' id='word_1_217' title='bbox 392 3185 554 3247; x_wconf 86' lang='lat' dir='ltr'><strong>regyrans,</strong></span> <span class='ocrx_word' id='word_1_218' title='bbox 569 3168 591 3199; x_wconf 90' lang='lat'><strong><em>“</em></strong></span> <span class='ocrx_word' id='word_1_219' title='bbox 600 3163 724 3229; x_wconf 90' lang='lat' dir='ltr'><strong>Vocate</strong></span> <span class='ocrx_word' id='word_1_220' title='bbox 739 3165 850 3242; x_wconf 87' lang='lat' dir='ltr'><strong>mihi,’‘</strong></span> <span class='ocrx_word' id='word_1_221' title='bbox 861 3165 980 3250; x_wconf 92' lang='lat' dir='ltr'><strong>inquit,</strong></span> <span class='ocrx_word' id='word_1_222' title='bbox 991 3170 1012 3202; x_wconf 88' lang='lat'><strong><em>“</em></strong></span> <span class='ocrx_word' id='word_1_223' title='bbox 1021 3167 1143 3230; x_wconf 93' lang='lat' dir='ltr'><strong>bonum</strong></span> <span class='ocrx_word' id='word_1_224' title='bbox 1156 3165 1320 3228; x_wconf 92' lang='lat' dir='ltr'><strong>hominem</strong></span> 
     </span>
     <span class='ocr_line' id='line_1_28' title="bbox 262 3262 1320 3353; baseline 0.005 -28"><span class='ocrx_word' id='word_1_225' title='bbox 262 3262 387 3326; x_wconf 88' lang='lat' dir='ltr'><strong>illum.”</strong></span> <span class='ocrx_word' id='word_1_226' title='bbox 430 3264 571 3327; x_wconf 88' lang='lat' dir='ltr'><strong>Etcum</strong></span> <span class='ocrx_word' id='word_1_227' title='bbox 592 3265 684 3330; x_wconf 90' lang='lat' dir='ltr'><strong>miles</strong></span> <span class='ocrx_word' id='word_1_228' title='bbox 706 3266 891 3351; x_wconf 89' lang='lat' dir='ltr'><strong>praedictus,</strong></span> <span class='ocrx_word' id='word_1_229' title='bbox 908 3278 941 3330; x_wconf 93' lang='lat' dir='ltr'><strong>et</strong></span> <span class='ocrx_word' id='word_1_230' title='bbox 959 3268 1087 3353; x_wconf 90' lang='lat' dir='ltr'><strong>juvenis</strong></span> <span class='ocrx_word' id='word_1_231' title='bbox 1109 3268 1320 3352; x_wconf 85' lang='lat' dir='ltr'><strong>quidam,cui</strong></span> 
     </span>
     <span class='ocr_line' id='line_1_29' title="bbox 263 3364 1321 3454; baseline 0.008 -29"><span class='ocrx_word' id='word_1_232' title='bbox 263 3386 381 3426; x_wconf 86' lang='lat' dir='ltr'><strong>nornen</strong></span> <span class='ocrx_word' id='word_1_233' title='bbox 392 3364 588 3443; x_wconf 87' lang='lat' dir='ltr'><strong>Gulielmus,</strong></span> <span class='ocrx_word' id='word_1_234' title='bbox 599 3367 657 3450; x_wconf 92' lang='lat' dir='ltr'><strong>qui</strong></span> <span class='ocrx_word' id='word_1_235' title='bbox 672 3368 732 3431; x_wconf 89' lang='lat' dir='ltr'><strong>soli</strong></span> <span class='ocrx_word' id='word_1_236' title='bbox 744 3378 822 3432; x_wconf 92' lang='lat' dir='ltr'><strong>tunc</strong></span> <span class='ocrx_word' id='word_1_237' title='bbox 832 3369 866 3431; x_wconf 91' lang='lat' dir='ltr'><strong>in</strong></span> <span class='ocrx_word' id='word_1_238' title='bbox 879 3369 998 3454; x_wconf 92' lang='lat' dir='ltr'><strong>oppido</strong></span> <span class='ocrx_word' id='word_1_239' title='bbox 1009 3391 1083 3433; x_wconf 92' lang='lat' dir='ltr'><strong>cum</strong></span> <span class='ocrx_word' id='word_1_240' title='bbox 1094 3369 1187 3454; x_wconf 86' lang='lat' dir='ltr'><strong>Rege</strong></span> <span class='ocrx_word' id='word_1_241' title='bbox 1196 3392 1321 3433; x_wconf 87' lang='lat' dir='ltr'><strong>reman-</strong></span> 
     </span>
     <span class='ocr_line' id='line_1_30' title="bbox 263 3467 1319 3556; baseline 0.007 -28"><span class='ocrx_word' id='word_1_242' title='bbox 263 3478 380 3544; x_wconf 89' lang='lat' dir='ltr'><strong>serant,</strong></span> <span class='ocrx_word' id='word_1_243' title='bbox 395 3467 487 3531; x_wconf 92' lang='lat' dir='ltr'><strong>illum</strong></span> <span class='ocrx_word' id='word_1_244' title='bbox 501 3480 676 3547; x_wconf 88' lang='lat' dir='ltr'><strong>vocassent,</strong></span> <span class='ocrx_word' id='word_1_245' title='bbox 693 3480 726 3533; x_wconf 93' lang='lat' dir='ltr'><strong>et</strong></span> <span class='ocrx_word' id='word_1_246' title='bbox 747 3493 812 3533; x_wconf 93' lang='lat' dir='ltr'><strong>non</strong></span> <span class='ocrx_word' id='word_1_247' title='bbox 834 3471 1001 3535; x_wconf 88' lang='lat' dir='ltr'><strong>inventum</strong></span> <span class='ocrx_word' id='word_1_248' title='bbox 1018 3471 1121 3556; x_wconf 92' lang='lat' dir='ltr'><strong>primo</strong></span> <span class='ocrx_word' id='word_1_249' title='bbox 1138 3471 1172 3534; x_wconf 94' lang='lat' dir='ltr'><strong>in</strong></span> <span class='ocrx_word' id='word_1_250' title='bbox 1187 3472 1319 3556; x_wconf 86' lang='lat' dir='ltr'><strong>capella,</strong></span> 
     </span>
     <span class='ocr_line' id='line_1_31' title="bbox 264 3568 1320 3658; baseline 0.006 -28"><span class='ocrx_word' id='word_1_251' title='bbox 264 3568 380 3632; x_wconf 91' lang='lat' dir='ltr'><strong>deinde</strong></span> <span class='ocrx_word' id='word_1_252' title='bbox 389 3591 446 3654; x_wconf 90' lang='lat' dir='ltr'><strong>per</strong></span> <span class='ocrx_word' id='word_1_253' title='bbox 455 3568 561 3633; x_wconf 92' lang='lat' dir='ltr'><strong>aulam</strong></span> <span class='ocrx_word' id='word_1_254' title='bbox 570 3580 604 3634; x_wconf 90' lang='lat' dir='ltr'><strong>et</strong></span> <span class='ocrx_word' id='word_1_255' title='bbox 614 3571 785 3636; x_wconf 89' lang='lat' dir='ltr'><strong>diversoria</strong></span> <span class='ocrx_word' id='word_1_256' title='bbox 794 3581 909 3637; x_wconf 89' lang='lat' dir='ltr'><strong>cuncta</strong></span> <span class='ocrx_word' id='word_1_257' title='bbox 918 3573 1151 3658; x_wconf 89' lang='lat' dir='ltr'><strong>quaesivissent,</strong></span> <span class='ocrx_word' id='word_1_258' title='bbox 1160 3595 1320 3657; x_wconf 90' lang='lat' dir='ltr'><strong>nusquam</strong></span> 
     </span>
     <span class='ocr_line' id='line_1_32' title="bbox 264 3670 1320 3760; baseline 0.005 -27"><span class='ocrx_word' id='word_1_259' title='bbox 264 3670 454 3754; x_wconf 89' lang='lat' dir='ltr'><strong>comparuit.</strong></span> <span class='ocrx_word' id='word_1_260' title='bbox 490 3670 568 3734; x_wconf 89' lang='lat' dir='ltr'><strong>Rex</strong></span> <span class='ocrx_word' id='word_1_261' title='bbox 582 3682 702 3752; x_wconf 90' lang='lat' dir='ltr'><strong>autem,</strong></span> <span class='ocrx_word' id='word_1_262' title='bbox 715 3697 753 3737; x_wconf 91' lang='lat' dir='ltr'><strong>eo</strong></span> <span class='ocrx_word' id='word_1_263' title='bbox 762 3697 828 3738; x_wconf 94' lang='lat' dir='ltr'><strong>non</strong></span> <span class='ocrx_word' id='word_1_264' title='bbox 841 3685 980 3760; x_wconf 91' lang='lat' dir='ltr'><strong>reperto,</strong></span> <span class='ocrx_word' id='word_1_265' title='bbox 990 3697 1063 3738; x_wconf 89' lang='lat' dir='ltr'><strong>cum</strong></span> <span class='ocrx_word' id='word_1_266' title='bbox 1078 3684 1184 3738; x_wconf 93' lang='lat' dir='ltr'><strong>tamen</strong></span> <span class='ocrx_word' id='word_1_267' title='bbox 1197 3675 1320 3738; x_wconf 89' lang='lat' dir='ltr'><strong>diutius</strong></span> 
     </span>
     <span class='ocr_line' id='line_1_33' title="bbox 263 3772 1317 3859; baseline 0.003 -24"><span class='ocrx_word' id='word_1_268' title='bbox 263 3795 337 3835; x_wconf 91' lang='lat' dir='ltr'><strong>eum</strong></span> <span class='ocrx_word' id='word_1_269' title='bbox 371 3773 458 3836; x_wconf 91' lang='lat' dir='ltr'><strong>solus</strong></span> <span class='ocrx_word' id='word_1_270' title='bbox 496 3772 531 3835; x_wconf 93' lang='lat' dir='ltr'><strong>in</strong></span> <span class='ocrx_word' id='word_1_271' title='bbox 560 3774 679 3857; x_wconf 93' lang='lat' dir='ltr'><strong>oppido</strong></span> <span class='ocrx_word' id='word_1_272' title='bbox 708 3775 785 3839; x_wconf 93' lang='lat' dir='ltr'><strong>dum</strong></span> <span class='ocrx_word' id='word_1_273' title='bbox 814 3776 869 3839; x_wconf 87' lang='lat' dir='ltr'><strong>alii</strong></span> <span class='ocrx_word' id='word_1_274' title='bbox 898 3786 1092 3859; x_wconf 87' lang='lat' dir='ltr'><strong>quaererent,</strong></span> <span class='ocrx_word' id='word_1_275' title='bbox 1122 3785 1317 3859; x_wconf 88' lang='lat' dir='ltr'><strong>expectaret,</strong></span> 
     </span>
     <span class='ocr_line' id='line_1_34' title="bbox 177 3874 1319 3961; baseline 0.004 -25"><span class='ocrx_word' id='word_1_276' title='bbox 177 3903 179 3906; x_wconf 47' lang='lat'><em>⁴</em></span> <span class='ocrx_word' id='word_1_277' title='bbox 262 3885 398 3937; x_wconf 88' lang='lat' dir='ltr'><strong>moestus</strong></span> <span class='ocrx_word' id='word_1_278' title='bbox 420 3874 598 3958; x_wconf 90' lang='lat' dir='ltr'><strong>plurimum</strong></span> <span class='ocrx_word' id='word_1_279' title='bbox 620 3887 653 3938; x_wconf 89' lang='lat' dir='ltr'><strong>et</strong></span> <span class='ocrx_word' id='word_1_280' title='bbox 672 3876 838 3961; x_wconf 89' lang='lat' dir='ltr'><strong>plangens,</strong></span> <span class='ocrx_word' id='word_1_281' title='bbox 855 3878 943 3961; x_wconf 92' lang='lat' dir='ltr'><strong>quod</strong></span> <span class='ocrx_word' id='word_1_282' title='bbox 962 3877 1098 3961; x_wconf 90' lang='lat' dir='ltr'><strong>amplius</strong></span> <span class='ocrx_word' id='word_1_283' title='bbox 1121 3876 1170 3939; x_wconf 92' lang='lat' dir='ltr'><strong>illi</strong></span> <span class='ocrx_word' id='word_1_284' title='bbox 1192 3877 1319 3940; x_wconf 89' lang='lat' dir='ltr'><strong>locutus</strong></span> 
     </span>
     <span class='ocr_line' id='line_1_35' title="bbox 262 3975 1318 4062; baseline 0.004 -26"><span class='ocrx_word' id='word_1_285' title='bbox 262 3997 328 4037; x_wconf 92' lang='lat' dir='ltr'><strong>non</strong></span> <span class='ocrx_word' id='word_1_286' title='bbox 349 3975 473 4052; x_wconf 83' lang='lat' dir='ltr'><strong>fuisset,</strong></span> <span class='ocrx_word' id='word_1_287' title='bbox 490 3998 598 4038; x_wconf 88' lang='lat' dir='ltr'><strong>versus</strong></span> <span class='ocrx_word' id='word_1_288' title='bbox 622 3976 893 4060; x_wconf 89' lang='lat' dir='ltr'><strong>Novumburgum</strong></span> <span class='ocrx_word' id='word_1_289' title='bbox 914 4000 972 4062; x_wconf 89' lang='lat' dir='ltr'><strong>per</strong></span> <span class='ocrx_word' id='word_1_290' title='bbox 992 3988 1124 4061; x_wconf 92' lang='lat' dir='ltr'><strong>pontem</strong></span> <span class='ocrx_word' id='word_1_291' title='bbox 1145 3978 1184 4040; x_wconf 92' lang='lat' dir='ltr'><strong>de</strong></span> <span class='ocrx_word' id='word_1_292' title='bbox 1199 3978 1318 4040; x_wconf 90' lang='lat' dir='ltr'><strong>Remni</strong></span> 
     </span>
     <span class='ocr_line' id='line_1_36' title="bbox 261 4075 1318 4162; baseline 0.002 -24"><span class='ocrx_word' id='word_1_293' title='bbox 261 4075 324 4139; x_wconf 91' lang='lat' dir='ltr'><strong>iter</strong></span> <span class='ocrx_word' id='word_1_294' title='bbox 339 4075 485 4160; x_wconf 87' lang='lat' dir='ltr'><strong>arripuit.</strong></span> <span class='ocrx_word' id='word_1_295' title='bbox 525 4077 619 4140; x_wconf 88' lang='lat' dir='ltr'><strong>Sicut</strong></span> <span class='ocrx_word' id='word_1_296' title='bbox 629 4088 738 4141; x_wconf 86' lang='lat' dir='ltr'><strong>autern</strong></span> <span class='ocrx_word' id='word_1_297' title='bbox 753 4079 973 4142; x_wconf 91' lang='lat' dir='ltr'><strong>comminando</strong></span> <span class='ocrx_word' id='word_1_298' title='bbox 985 4080 1034 4143; x_wconf 90' lang='lat' dir='ltr'><strong>vir</strong></span> <span class='ocrx_word' id='word_1_299' title='bbox 1048 4078 1102 4141; x_wconf 90' lang='lat' dir='ltr'><strong>ille</strong></span> <span class='ocrx_word' id='word_1_300' title='bbox 1117 4077 1318 4162; x_wconf 87' lang='lat' dir='ltr'><strong>promiserat,</strong></span> 
     </span>
     <span class='ocr_line' id='line_1_37' title="bbox 262 4177 1317 4264; baseline 0.003 -25"><span class='ocrx_word' id='word_1_301' title='bbox 262 4177 305 4240; x_wconf 91' lang='lat' dir='ltr'><strong>sic</strong></span> <span class='ocrx_word' id='word_1_302' title='bbox 326 4199 410 4239; x_wconf 92' lang='lat' dir='ltr'><strong>anno</strong></span> <span class='ocrx_word' id='word_1_303' title='bbox 432 4177 568 4262; x_wconf 91' lang='lat' dir='ltr'><strong>contigit</strong></span> <span class='ocrx_word' id='word_1_304' title='bbox 591 4200 655 4241; x_wconf 90' lang='lat' dir='ltr'><strong>non</strong></span> <span class='ocrx_word' id='word_1_305' title='bbox 671 4179 851 4264; x_wconf 81' lang='lat' dir='ltr'><strong>complct03</strong></span> <span class='ocrx_word' id='word_1_306' title='bbox 877 4179 937 4243; x_wconf 88' lang='lat' dir='ltr'><strong>filii</strong></span> <span class='ocrx_word' id='word_1_307' title='bbox 956 4185 1094 4264; x_wconf 88' lang='lat' dir='ltr'><strong>namque</strong></span> <span class='ocrx_word' id='word_1_308' title='bbox 1117 4178 1219 4264; x_wconf 90' lang='lat' dir='ltr'><strong>ipsius</strong></span> <span class='ocrx_word' id='word_1_309' title='bbox 1242 4189 1317 4257; x_wconf 92' lang='lat' dir='ltr'><strong>tres,</strong></span> 
     </span>
    </p>
   </div>
   <div class='ocr_carea' id='block_1_4' title="bbox 296 4312 1076 4390">
    <p class='ocr_par' dir='ltr' id='par_1_4' title="bbox 296 4312 1076 4390">
     <span class='ocr_line' id='line_1_38' title="bbox 296 4312 1076 4390; baseline 0.009 -23"><span class='ocrx_word' id='word_1_310' title='bbox 296 4313 303 4344; x_wconf 91' lang='lat'>¹</span> <span class='ocrx_word' id='word_1_311' title='bbox 327 4312 461 4373; x_wconf 83' lang='lat' dir='ltr'><strong>Quod...</strong></span> <span class='ocrx_word' id='word_1_312' title='bbox 477 4357 482 4369; x_wconf 92' lang='lat'>.</span> <span class='ocrx_word' id='word_1_313' title='bbox 498 4317 564 4370; x_wconf 79' lang='lat' dir='ltr'><strong>Rea.</strong></span> <span class='ocrx_word' id='word_1_314' title='bbox 601 4317 661 4371; x_wconf 87' lang='lat' dir='ltr'><strong>Om.</strong></span> <span class='ocrx_word' id='word_1_315' title='bbox 675 4318 733 4372; x_wconf 85' lang='lat' dir='ltr'><strong>MS.</strong></span> <span class='ocrx_word' id='word_1_316' title='bbox 851 4321 861 4352; x_wconf 74' lang='lat'><em>⁹</em></span> <span class='ocrx_word' id='word_1_317' title='bbox 879 4321 1005 4390; x_wconf 89' lang='lat' dir='ltr'><strong>Murceos,</strong></span> <span class='ocrx_word' id='word_1_318' title='bbox 1019 4320 1076 4374; x_wconf 82' lang='lat' dir='ltr'><strong>MS.</strong></span> 
     </span>
    </p>
   </div>
   <div class='ocr_carea' id='block_1_5' title="bbox 0 0 1504 5040">
    <p class='ocr_par' dir='ltr' id='par_1_5' title="bbox 0 0 1504 5040">
     <span class='ocr_line' id='line_1_39' title="bbox 0 0 1504 5040; baseline 0 0"><span class='ocrx_word' id='word_1_319' title='bbox 0 0 1504 5040; x_wconf 95' lang='lat' dir='ltr'><strong> </strong></span> 
     </span>
    </p>
   </div>
  </div>
 </body>
</html>
