3000 5016
683 481 880 533 anrn‘rro.

261 1095 442 1161 INCIPIT
479 1091 732 1158 PRAEFATIO
771 1091 824 1154 IN
855 1087 1075 1155 TERTIAM
1109 1083 1318 1150 DISTINC·

690 1192 889 1258 TIONEM.

105 1447 194 1488 mm·
292 1460 351 1511 Μ
374 1464 432 1541 ’ᾖ
451 1451 669 1516 ACTENUS
699 1452 740 1514 ad
769 1472 908 1514 summas
936 1458 1017 1512 rotae
1048 1443 1320 1511 circumferentias

286 1519 305 1606 l
349 1536 432 1655 pff.
472 1553 610 1638 qualiter
638 1574 803 1616 ascensum
830 1574 895 1615 non
924 1550 1039 1614 merita
1067 1549 1234 1622 dederunt,
1262 1545 1321 1608 sed

335 1650 391 1789 qil}
472 1653 706 1730 misericordia3
753 1674 818 1716 non
847 1651 949 1715 virtus
984 1649 1123 1713 hominis
1159 1658 1216 1711 aut
1241 1647 1319 1711 ritae

283 1785 307 1807 a
335 1724 396 1804 ὦ
414 1774 428 1789 ”
473 1756 620 1838 dignitas,
644 1757 700 1818 sed
724 1754 826 1838 gratia
847 1753 956 1838 potius
981 1763 1015 1815 et
1037 1772 1174 1836 superna
1196 1749 1320 1811 diutius

266 1856 503 1919 conversionem
528 1864 718 1940 exspectans
739 1854 919 1931 tolerantia,
939 1851 1175 1917 declaravimus.
1220 1849 1319 1913 Nunc

265 1966 374 2019 autem
397 1956 536 2040 qualiter
560 1958 601 2020 ad
625 1958 690 2020 ima
712 1967 792 2020 rotae
816 1956 990 2032 descendit,
1015 1964 1049 2017 et
1071 1951 1320 2036 ignominiosum

265 2055 405 2139 denique
429 2057 541 2121 sortita
562 2058 687 2121 exitum
710 2058 869 2121 obstinata
893 2056 1025 2134 malitia,
1040 2055 1158 2140 pagina
1179 2075 1319 2137 praesens

267 2157 452 2241 explicabit.
499 2158 629 2222 Habeat
650 2158 751 2242 igitur
772 2181 815 2221 ex
837 2156 1009 2242 praemissis
1030 2158 1116 2219 unde
1138 2154 1318 2239 respiraret,

267 2271 301 2325 et
321 2261 407 2322 unde
430 2272 547 2344 speret,
569 2283 658 2324 mens
682 2261 831 2338 humana,
850 2282 948 2344 quam
970 2258 1026 2322 diu
1047 2258 1207 2342 siquidem
1229 2257 1321 2340 quasi

269 2361 308 2424 de
335 2361 539 2425 conversione
566 2385 637 2446 spes
663 2363 843 2446 concipitur
870 2372 904 2424 et
929 2360 1134 2424 correctione.
1191 2358 1322 2422 Habeat

267 2462 319 2525 hic
334 2472 442 2526 autem
455 2464 541 2526 unde
553 2473 670 2528 tremat
684 2487 720 2527 ac
735 2464 847 2527 timeat
856 2462 960 2526 finalis
974 2461 1133 2546 impietas.
1179 2460 1319 2539 Habeat,

268 2565 411 2647 inquam,
434 2565 519 2629 unde
550 2588 658 2630 casum
685 2565 837 2629 formidet
864 2577 963 2650 atque
992 2566 1117 2628 ruiuam
1150 2564 1320 2648 reprobata

267 2666 466 2749 perversitas.
