<?xml version="1.0" encoding="UTF-8"?>
<!DOCTYPE html PUBLIC "-//W3C//DTD XHTML 1.0 Transitional//EN"
    "http://www.w3.org/TR/xhtml1/DTD/xhtml1-transitional.dtd">
<html xmlns="http://www.w3.org/1999/xhtml" xml:lang="en" lang="en">
 <head>
  <title>
</title>
<meta http-equiv="Content-Type" content="text/html;charset=utf-8" />
  <meta name='ocr-system' content='tesseract 3.04.00' />
  <meta name='ocr-capabilities' content='ocr_page ocr_carea ocr_par ocr_line ocrx_word'/>
</head>
<body>
  <div class='ocr_page' id='page_1' title='image "./giralduscambren00giragoog_0239.png"; bbox 0 0 3000 5040; ppageno 0'>
   <div class='ocr_carea' id='block_1_1' title="bbox 267 460 1323 558">
    <p class='ocr_par' dir='ltr' id='par_1_1' title="bbox 267 460 1323 558">
     <span class='ocr_line' id='line_1_1' title="bbox 267 460 1323 558; baseline -0.001 -25"><span class='ocrx_word' id='word_1_1' title='bbox 267 473 331 535; x_wconf 84' lang='lat'>198</span> <span class='ocrx_word' id='word_1_2' title='bbox 575 486 759 538; x_wconf 80' lang='lat' dir='ltr'>arnsrnus</span> <span class='ocrx_word' id='word_1_3' title='bbox 784 484 1013 538; x_wconf 70' lang='lat' dir='ltr'>causamme</span> <span class='ocrx_word' id='word_1_4' title='bbox 1212 460 1323 558; x_wconf 60' lang='lat' dir='ltr'>[nrm.</span> 
     </span>
    </p>
   </div>
   <div class='ocr_carea' id='block_1_2' title="bbox 266 633 1394 3870">
    <p class='ocr_par' dir='ltr' id='par_1_2' title="bbox 266 633 1394 2651">
     <span class='ocr_line' id='line_1_2' title="bbox 266 633 1326 711; baseline -0.002 -13"><span class='ocrx_word' id='word_1_5' title='bbox 266 635 421 699; x_wconf 82' lang='lat' dir='ltr'>visionem</span> <span class='ocrx_word' id='word_1_6' title='bbox 436 645 609 701; x_wconf 88' lang='lat' dir='ltr'>ostensum.</span> <span class='ocrx_word' id='word_1_7' title='bbox 654 637 838 703; x_wconf 89' lang='lat' dir='ltr'><strong>Videbatur</strong></span> <span class='ocrx_word' id='word_1_8' title='bbox 861 637 948 700; x_wconf 91' lang='lat' dir='ltr'>enim</span> <span class='ocrx_word' id='word_1_9' title='bbox 973 635 1035 699; x_wconf 88' lang='lat' dir='ltr'>sibi</span> <span class='ocrx_word' id='word_1_10' title='bbox 1048 635 1167 711; x_wconf 87' lang='lat' dir='ltr'>videre,</span> <span class='ocrx_word' id='word_1_11' title='bbox 1184 633 1326 697; x_wconf 85' lang='lat' dir='ltr'>collectis</span> 
     </span>
     <span class='ocr_line' id='line_1_3' title="bbox 267 735 1325 824; baseline -0.003 -24"><span class='ocrx_word' id='word_1_12' title='bbox 267 737 302 800; x_wconf 93' lang='lat' dir='ltr'>in</span> <span class='ocrx_word' id='word_1_13' title='bbox 327 737 500 822; x_wconf 87' lang='lat' dir='ltr'>praesentia</span> <span class='ocrx_word' id='word_1_14' title='bbox 523 760 581 801; x_wconf 90' lang='lat' dir='ltr'>sua</span> <span class='ocrx_word' id='word_1_15' title='bbox 605 747 670 802; x_wconf 92' lang='lat' dir='ltr'>tam</span> <span class='ocrx_word' id='word_1_16' title='bbox 697 738 879 824; x_wconf 89' lang='lat' dir='ltr'>Anglorum</span> <span class='ocrx_word' id='word_1_17' title='bbox 904 737 996 821; x_wconf 84' lang='lat' dir='ltr'>Rege</span> <span class='ocrx_word' id='word_1_18' title='bbox 1025 758 1123 821; x_wconf 86' lang='lat' dir='ltr'>quam</span> <span class='ocrx_word' id='word_1_19' title='bbox 1150 735 1325 799; x_wconf 84' lang='lat' dir='ltr'>baronibus</span> 
     </span>
     <span class='ocr_line' id='line_1_4' title="bbox 267 838 1326 925; baseline -0.002 -23"><span class='ocrx_word' id='word_1_20' title='bbox 267 840 359 923; x_wconf 88' lang='lat' dir='ltr'>regni</span> <span class='ocrx_word' id='word_1_21' title='bbox 374 839 518 903; x_wconf 86' lang='lat' dir='ltr'>Franciae</span> <span class='ocrx_word' id='word_1_22' title='bbox 533 840 709 925; x_wconf 86' lang='lat' dir='ltr'>majoribus</span> <span class='ocrx_word' id='word_1_23' title='bbox 724 841 859 919; x_wconf 89' lang='lat' dir='ltr'>cunctis,</span> <span class='ocrx_word' id='word_1_24' title='bbox 874 840 979 903; x_wconf 90' lang='lat' dir='ltr'>filium</span> <span class='ocrx_word' id='word_1_25' title='bbox 994 850 1027 903; x_wconf 91' lang='lat' dir='ltr'>et</span> <span class='ocrx_word' id='word_1_26' title='bbox 1048 838 1211 902; x_wconf 85' lang='lat' dir='ltr'>haeredem</span> <span class='ocrx_word' id='word_1_27' title='bbox 1230 859 1326 901; x_wconf 93' lang='lat' dir='ltr'>suum</span> 
     </span>
     <span class='ocr_line' id='line_1_5' title="bbox 270 940 1325 1025; baseline -0.003 -21"><span class='ocrx_word' id='word_1_28' title='bbox 270 941 459 1025; x_wconf 91' lang='lat' dir='ltr'>Philippum</span> <span class='ocrx_word' id='word_1_29' title='bbox 484 942 710 1024; x_wconf 84' lang='lat' dir='ltr'>procedentem</span> <span class='ocrx_word' id='word_1_30' title='bbox 739 941 774 1005; x_wconf 91' lang='lat' dir='ltr'>in</span> <span class='ocrx_word' id='word_1_31' title='bbox 800 941 954 1019; x_wconf 91' lang='lat' dir='ltr'>medium,</span> <span class='ocrx_word' id='word_1_32' title='bbox 985 951 1019 1004; x_wconf 92' lang='lat' dir='ltr'>et</span> <span class='ocrx_word' id='word_1_33' title='bbox 1054 940 1230 1004; x_wconf 86' lang='lat' dir='ltr'>baronibus</span> <span class='ocrx_word' id='word_1_34' title='bbox 1265 960 1325 1023; x_wconf 93' lang='lat' dir='ltr'>per</span> 
     </span>
     <span class='ocr_line' id='line_1_6' title="bbox 271 1041 1327 1127; baseline -0.002 -23"><span class='ocrx_word' id='word_1_35' title='bbox 271 1042 426 1119; x_wconf 90' lang='lat' dir='ltr'>ordinem,</span> <span class='ocrx_word' id='word_1_36' title='bbox 437 1041 494 1125; x_wconf 93' lang='lat' dir='ltr'>qui</span> <span class='ocrx_word' id='word_1_37' title='bbox 505 1043 581 1127; x_wconf 89' lang='lat' dir='ltr'>jura</span> <span class='ocrx_word' id='word_1_38' title='bbox 596 1064 723 1106; x_wconf 85' lang='lat' dir='ltr'>coronae</span> <span class='ocrx_word' id='word_1_39' title='bbox 746 1065 815 1106; x_wconf 85' lang='lat' dir='ltr'>suae</span> <span class='ocrx_word' id='word_1_40' title='bbox 839 1042 1039 1119; x_wconf 90' lang='lat' dir='ltr'>detinebant,</span> <span class='ocrx_word' id='word_1_41' title='bbox 1053 1041 1232 1104; x_wconf 90' lang='lat' dir='ltr'>humanum</span> <span class='ocrx_word' id='word_1_42' title='bbox 1255 1062 1327 1103; x_wconf 90' lang='lat' dir='ltr'>san·</span> 
     </span>
     <span class='ocr_line' id='line_1_7' title="bbox 270 1142 1394 1228; baseline -0.003 -22"><span class='ocrx_word' id='word_1_43' title='bbox 270 1144 402 1226; x_wconf 89' lang='lat' dir='ltr'>guinem</span> <span class='ocrx_word' id='word_1_44' title='bbox 430 1143 464 1206; x_wconf 87' lang='lat' dir='ltr'>in</span> <span class='ocrx_word' id='word_1_45' title='bbox 500 1144 619 1228; x_wconf 87' lang='lat' dir='ltr'>scypho</span> <span class='ocrx_word' id='word_1_46' title='bbox 656 1165 753 1206; x_wconf 91' lang='lat' dir='ltr'>aureo</span> <span class='ocrx_word' id='word_1_47' title='bbox 783 1143 1020 1228; x_wconf 87' lang='lat' dir='ltr'>propinantem,</span> <span class='ocrx_word' id='word_1_48' title='bbox 1051 1142 1326 1226; x_wconf 80' lang='lat' dir='ltr'>insipientemque</span> <span class='ocrx_word' id='word_1_49' title='bbox 1391 1167 1394 1173; x_wconf 93' lang='lat'>·</span> 
     </span>
     <span class='ocr_line' id='line_1_8' title="bbox 271 1243 1326 1330; baseline -0.003 -22"><span class='ocrx_word' id='word_1_50' title='bbox 271 1269 290 1308; x_wconf 90' lang='lat' dir='ltr'>a</span> <span class='ocrx_word' id='word_1_51' title='bbox 323 1245 423 1330; x_wconf 90' lang='lat' dir='ltr'>stirpe</span> <span class='ocrx_word' id='word_1_52' title='bbox 450 1255 605 1321; x_wconf 89' lang='lat' dir='ltr'>materna,</span> <span class='ocrx_word' id='word_1_53' title='bbox 644 1245 853 1310; x_wconf 89' lang='lat' dir='ltr'>Blesensibus</span> <span class='ocrx_word' id='word_1_54' title='bbox 889 1245 1011 1309; x_wconf 90' lang='lat' dir='ltr'>scilicet</span> <span class='ocrx_word' id='word_1_55' title='bbox 1044 1243 1215 1307; x_wconf 82' lang='lat' dir='ltr'>avunculis</span> <span class='ocrx_word' id='word_1_56' title='bbox 1247 1243 1326 1320; x_wconf 92' lang='lat' dir='ltr'>suis,</span> 
     </span>
     <span class='ocr_line' id='line_1_9' title="bbox 272 1345 1326 1432; baseline -0.002 -22"><span class='ocrx_word' id='word_1_57' title='bbox 272 1359 306 1411; x_wconf 90' lang='lat' dir='ltr'>et</span> <span class='ocrx_word' id='word_1_58' title='bbox 329 1347 422 1412; x_wconf 85' lang='lat' dir='ltr'>Duce</span> <span class='ocrx_word' id='word_1_59' title='bbox 449 1347 663 1432; x_wconf 73' lang='lat' dir='ltr'>Burgundios,</span> <span class='ocrx_word' id='word_1_60' title='bbox 697 1368 823 1410; x_wconf 87' lang='lat' dir='ltr'>necnon</span> <span class='ocrx_word' id='word_1_61' title='bbox 849 1357 881 1410; x_wconf 93' lang='lat' dir='ltr'>et</span> <span class='ocrx_word' id='word_1_62' title='bbox 907 1359 1008 1410; x_wconf 87' lang='lat' dir='ltr'>matre</span> <span class='ocrx_word' id='word_1_63' title='bbox 1037 1346 1178 1431; x_wconf 89' lang='lat' dir='ltr'>propria.</span> <span class='ocrx_word' id='word_1_64' title='bbox 1192 1345 1326 1408; x_wconf 90' lang='lat' dir='ltr'>Blesen-</span> 
     </span>
     <span class='ocr_line' id='line_1_10' title="bbox 273 1446 1327 1532; baseline -0.004 -20"><span class='ocrx_word' id='word_1_65' title='bbox 273 1449 355 1512; x_wconf 91' lang='lat' dir='ltr'>sium</span> <span class='ocrx_word' id='word_1_66' title='bbox 381 1472 498 1526; x_wconf 90' lang='lat' dir='ltr'>sorore,</span> <span class='ocrx_word' id='word_1_67' title='bbox 525 1459 561 1518; x_wconf 89' lang='lat' dir='ltr'>et</span> <span class='ocrx_word' id='word_1_68' title='bbox 595 1449 639 1512; x_wconf 89' lang='lat' dir='ltr'>sic</span> <span class='ocrx_word' id='word_1_69' title='bbox 670 1470 729 1532; x_wconf 91' lang='lat' dir='ltr'>per</span> <span class='ocrx_word' id='word_1_70' title='bbox 759 1447 919 1511; x_wconf 87' lang='lat' dir='ltr'>Comitem</span> <span class='ocrx_word' id='word_1_71' title='bbox 944 1447 1107 1512; x_wconf 84' lang='lat' dir='ltr'>Flandriae</span> <span class='ocrx_word' id='word_1_72' title='bbox 1137 1446 1327 1530; x_wconf 91' lang='lat' dir='ltr'>Philippum</span> 
     </span>
     <span class='ocr_line' id='line_1_11' title="bbox 272 1546 1327 1636; baseline -0.005 -22"><span class='ocrx_word' id='word_1_73' title='bbox 272 1562 506 1636; x_wconf 88' lang='lat' dir='ltr'>consequenter</span> <span class='ocrx_word' id='word_1_74' title='bbox 530 1551 736 1626; x_wconf 89' lang='lat' dir='ltr'>transeundo,</span> <span class='ocrx_word' id='word_1_75' title='bbox 762 1548 917 1634; x_wconf 92' lang='lat' dir='ltr'>poculum</span> <span class='ocrx_word' id='word_1_76' title='bbox 943 1571 1047 1632; x_wconf 91' lang='lat' dir='ltr'>usque</span> <span class='ocrx_word' id='word_1_77' title='bbox 1073 1549 1113 1611; x_wconf 93' lang='lat' dir='ltr'>ad</span> <span class='ocrx_word' id='word_1_78' title='bbox 1144 1546 1327 1631; x_wconf 86' lang='lat' dir='ltr'>Anglorum</span> 
     </span>
     <span class='ocr_line' id='line_1_12' title="bbox 273 1647 1329 1738; baseline -0.007 -22"><span class='ocrx_word' id='word_1_79' title='bbox 273 1654 413 1738; x_wconf 90' lang='lat' dir='ltr'>denique</span> <span class='ocrx_word' id='word_1_80' title='bbox 438 1653 564 1736; x_wconf 85' lang='lat' dir='ltr'>Regem</span> <span class='ocrx_word' id='word_1_81' title='bbox 585 1651 766 1715; x_wconf 89' lang='lat' dir='ltr'>Henricum</span> <span class='ocrx_word' id='word_1_82' title='bbox 784 1651 1039 1735; x_wconf 87' lang='lat' dir='ltr'>producentem.¹</span> <span class='ocrx_word' id='word_1_83' title='bbox 1083 1648 1172 1712; x_wconf 90' lang='lat' dir='ltr'>Mira</span> <span class='ocrx_word' id='word_1_84' title='bbox 1196 1647 1329 1731; x_wconf 92' lang='lat' dir='ltr'>quidem</span> 
     </span>
     <span class='ocr_line' id='line_1_13' title="bbox 272 1749 1328 1839; baseline -0.007 -21"><span class='ocrx_word' id='word_1_85' title='bbox 272 1756 363 1832; x_wconf 87' lang='lat' dir='ltr'>visio,</span> <span class='ocrx_word' id='word_1_86' title='bbox 379 1755 531 1839; x_wconf 89' lang='lat' dir='ltr'>quoniam</span> <span class='ocrx_word' id='word_1_87' title='bbox 547 1754 660 1817; x_wconf 90' lang='lat' dir='ltr'>eodem</span> <span class='ocrx_word' id='word_1_88' title='bbox 675 1754 786 1817; x_wconf 90' lang='lat' dir='ltr'>ordine</span> <span class='ocrx_word' id='word_1_89' title='bbox 802 1775 867 1836; x_wconf 93' lang='lat' dir='ltr'>quo</span> <span class='ocrx_word' id='word_1_90' title='bbox 881 1752 968 1817; x_wconf 90' lang='lat' dir='ltr'>visus</span> <span class='ocrx_word' id='word_1_91' title='bbox 983 1762 1032 1814; x_wconf 90' lang='lat' dir='ltr'>est</span> <span class='ocrx_word' id='word_1_92' title='bbox 1047 1751 1093 1814; x_wconf 90' lang='lat' dir='ltr'>eis</span> <span class='ocrx_word' id='word_1_93' title='bbox 1106 1759 1221 1835; x_wconf 93' lang='lat' dir='ltr'>potum</span> <span class='ocrx_word' id='word_1_94' title='bbox 1235 1749 1328 1812; x_wconf 93' lang='lat' dir='ltr'>illum</span> 
     </span>
     <span class='ocr_line' id='line_1_14' title="bbox 274 1851 1328 1940; baseline -0.007 -20"><span class='ocrx_word' id='word_1_95' title='bbox 274 1857 483 1940; x_wconf 86' lang='lat' dir='ltr'>sanguineum</span> <span class='ocrx_word' id='word_1_96' title='bbox 502 1856 699 1940; x_wconf 86' lang='lat' dir='ltr'>propinasse,</span> <span class='ocrx_word' id='word_1_97' title='bbox 718 1855 872 1918; x_wconf 85' lang='lat' dir='ltr'>defuncto</span> <span class='ocrx_word' id='word_1_98' title='bbox 895 1854 929 1917; x_wconf 93' lang='lat' dir='ltr'>in</span> <span class='ocrx_word' id='word_1_99' title='bbox 954 1854 1045 1918; x_wconf 89' lang='lat' dir='ltr'>brevi</span> <span class='ocrx_word' id='word_1_100' title='bbox 1068 1863 1169 1938; x_wconf 90' lang='lat' dir='ltr'>patre,</span> <span class='ocrx_word' id='word_1_101' title='bbox 1186 1851 1328 1935; x_wconf 90' lang='lat' dir='ltr'>singulos</span> 
     </span>
     <span class='ocr_line' id='line_1_15' title="bbox 275 1954 1330 2042; baseline -0.004 -22"><span class='ocrx_word' id='word_1_102' title='bbox 275 1958 415 2020; x_wconf 88' lang='lat' dir='ltr'>seriatim</span> <span class='ocrx_word' id='word_1_103' title='bbox 440 1958 565 2033; x_wconf 87' lang='lat' dir='ltr'>invasit,</span> <span class='ocrx_word' id='word_1_104' title='bbox 582 1968 615 2020; x_wconf 93' lang='lat' dir='ltr'>et</span> <span class='ocrx_word' id='word_1_105' title='bbox 635 1959 711 2042; x_wconf 91' lang='lat' dir='ltr'>jura</span> <span class='ocrx_word' id='word_1_106' title='bbox 735 1978 862 2020; x_wconf 87' lang='lat' dir='ltr'>coronae</span> <span class='ocrx_word' id='word_1_107' title='bbox 887 1967 998 2020; x_wconf 91' lang='lat' dir='ltr'>contra</span> <span class='ocrx_word' id='word_1_108' title='bbox 1023 1966 1073 2018; x_wconf 93' lang='lat' dir='ltr'>tot</span> <span class='ocrx_word' id='word_1_109' title='bbox 1096 1964 1130 2018; x_wconf 94' lang='lat' dir='ltr'>et</span> <span class='ocrx_word' id='word_1_110' title='bbox 1154 1965 1260 2018; x_wconf 87' lang='lat' dir='ltr'>tantos</span> <span class='ocrx_word' id='word_1_111' title='bbox 1275 1954 1330 2016; x_wconf 91' lang='lat' dir='ltr'>de-</span> 
     </span>
     <span class='ocr_line' id='line_1_16' title="bbox 275 2056 1330 2140; baseline -0.004 -18"><span class='ocrx_word' id='word_1_112' title='bbox 275 2069 417 2122; x_wconf 89' lang='lat' dir='ltr'>tentores</span> <span class='ocrx_word' id='word_1_113' title='bbox 442 2070 509 2122; x_wconf 88' lang='lat' dir='ltr'>tam</span> <span class='ocrx_word' id='word_1_114' title='bbox 538 2059 674 2123; x_wconf 91' lang='lat' dir='ltr'>viriliter</span> <span class='ocrx_word' id='word_1_115' title='bbox 705 2059 803 2123; x_wconf 89' lang='lat' dir='ltr'>etiam</span> <span class='ocrx_word' id='word_1_116' title='bbox 835 2059 870 2121; x_wconf 93' lang='lat' dir='ltr'>in</span> <span class='ocrx_word' id='word_1_117' title='bbox 905 2068 1014 2121; x_wconf 92' lang='lat' dir='ltr'>tenera</span> <span class='ocrx_word' id='word_1_118' title='bbox 1042 2067 1149 2135; x_wconf 86' lang='lat' dir='ltr'>aetate,</span> <span class='ocrx_word' id='word_1_119' title='bbox 1178 2056 1330 2140; x_wconf 90' lang='lat' dir='ltr'>quoniam</span> 
     </span>
     <span class='ocr_line' id='line_1_17' title="bbox 277 2159 1329 2244; baseline -0.002 -21"><span class='ocrx_word' id='word_1_120' title='bbox 277 2159 458 2224; x_wconf 86' lang='lat' dir='ltr'>Caesaribus</span> <span class='ocrx_word' id='word_1_121' title='bbox 471 2160 574 2224; x_wconf 87' lang='lat' dir='ltr'>virtus</span> <span class='ocrx_word' id='word_1_122' title='bbox 589 2160 749 2244; x_wconf 91' lang='lat' dir='ltr'>contingit</span> <span class='ocrx_word' id='word_1_123' title='bbox 763 2171 837 2224; x_wconf 90' lang='lat' dir='ltr'>ante</span> <span class='ocrx_word' id='word_1_124' title='bbox 863 2160 959 2236; x_wconf 89' lang='lat' dir='ltr'>diem,</span> <span class='ocrx_word' id='word_1_125' title='bbox 973 2159 1151 2237; x_wconf 83' lang='lat' dir='ltr'>revocavit3</span> <span class='ocrx_word' id='word_1_126' title='bbox 1175 2170 1329 2242; x_wconf 86' lang='lat' dir='ltr'>tanquam</span> 
     </span>
     <span class='ocr_line' id='line_1_18' title="bbox 276 2260 1330 2347; baseline 0 -23"><span class='ocrx_word' id='word_1_127' title='bbox 276 2262 310 2324; x_wconf 93' lang='lat' dir='ltr'>in</span> <span class='ocrx_word' id='word_1_128' title='bbox 339 2262 412 2325; x_wconf 91' lang='lat' dir='ltr'>illos</span> <span class='ocrx_word' id='word_1_129' title='bbox 441 2262 498 2345; x_wconf 92' lang='lat' dir='ltr'>qui</span> <span class='ocrx_word' id='word_1_130' title='bbox 528 2262 582 2346; x_wconf 90' lang='lat' dir='ltr'>pia</span> <span class='ocrx_word' id='word_1_131' title='bbox 610 2263 711 2347; x_wconf 89' lang='lat' dir='ltr'>patris</span> <span class='ocrx_word' id='word_1_132' title='bbox 739 2262 873 2326; x_wconf 86' lang='lat' dir='ltr'>lenitate</span> <span class='ocrx_word' id='word_1_133' title='bbox 903 2273 936 2325; x_wconf 91' lang='lat' dir='ltr'>et</span> <span class='ocrx_word' id='word_1_134' title='bbox 964 2261 1212 2324; x_wconf 90' lang='lat' dir='ltr'>mansuetudine</span> <span class='ocrx_word' id='word_1_135' title='bbox 1234 2260 1330 2324; x_wconf 92' lang='lat' dir='ltr'>nimis</span> 
     </span>
     <span class='ocr_line' id='line_1_19' title="bbox 275 2362 1331 2439; baseline -0.003 -13"><span class='ocrx_word' id='word_1_136' title='bbox 275 2363 451 2426; x_wconf 88' lang='lat' dir='ltr'>insolenter</span> <span class='ocrx_word' id='word_1_137' title='bbox 479 2373 513 2426; x_wconf 90' lang='lat' dir='ltr'>et</span> <span class='ocrx_word' id='word_1_138' title='bbox 541 2364 716 2427; x_wconf 91' lang='lat' dir='ltr'>infideliter</span> <span class='ocrx_word' id='word_1_139' title='bbox 742 2363 835 2427; x_wconf 89' lang='lat' dir='ltr'>abusi</span> <span class='ocrx_word' id='word_1_140' title='bbox 868 2364 1007 2439; x_wconf 87' lang='lat' dir='ltr'>fuerant,</span> <span class='ocrx_word' id='word_1_141' title='bbox 1034 2363 1121 2427; x_wconf 89' lang='lat' dir='ltr'>filius</span> <span class='ocrx_word' id='word_1_142' title='bbox 1146 2385 1166 2425; x_wconf 91' lang='lat' dir='ltr'>a</span> <span class='ocrx_word' id='word_1_143' title='bbox 1188 2362 1331 2426; x_wconf 92' lang='lat' dir='ltr'>Domino</span> 
     </span>
     <span class='ocr_line' id='line_1_20' title="bbox 276 2463 1332 2549; baseline -0.002 -23"><span class='ocrx_word' id='word_1_144' title='bbox 276 2464 397 2527; x_wconf 86' lang='lat' dir='ltr'>vindex</span> <span class='ocrx_word' id='word_1_145' title='bbox 420 2464 525 2541; x_wconf 90' lang='lat' dir='ltr'>datus,</span> <span class='ocrx_word' id='word_1_146' title='bbox 541 2465 625 2528; x_wconf 89' lang='lat' dir='ltr'>sicut</span> <span class='ocrx_word' id='word_1_147' title='bbox 639 2465 674 2527; x_wconf 92' lang='lat' dir='ltr'>in</span> <span class='ocrx_word' id='word_1_148' title='bbox 694 2464 873 2549; x_wconf 86' lang='lat' dir='ltr'>subscripta</span> <span class='ocrx_word' id='word_1_149' title='bbox 895 2465 971 2528; x_wconf 88' lang='lat' dir='ltr'>libri</span> <span class='ocrx_word' id='word_1_150' title='bbox 994 2464 1212 2528; x_wconf 90' lang='lat' dir='ltr'>Distinctione</span> <span class='ocrx_word' id='word_1_151' title='bbox 1236 2463 1332 2527; x_wconf 87' lang='lat' dir='ltr'>tertia</span> 
     </span>
     <span class='ocr_line' id='line_1_21' title="bbox 277 2565 665 2651; baseline 0.003 -23"><span class='ocrx_word' id='word_1_152' title='bbox 277 2567 371 2651; x_wconf 87' lang='lat' dir='ltr'>plane</span> <span class='ocrx_word' id='word_1_153' title='bbox 387 2566 508 2650; x_wconf 86' lang='lat' dir='ltr'>poterit</span> <span class='ocrx_word' id='word_1_154' title='bbox 519 2565 665 2630; x_wconf 87' lang='lat' dir='ltr'>inveniri.</span> 
     </span>
    </p>

    <p class='ocr_par' dir='ltr' id='par_1_3' title="bbox 278 2665 1336 3870">
     <span class='ocr_line' id='line_1_22' title="bbox 322 2665 1332 2752; baseline 0.001 -23"><span class='ocrx_word' id='word_1_155' title='bbox 322 2665 376 2731; x_wconf 88' lang='lat' dir='ltr'>Ad</span> <span class='ocrx_word' id='word_1_156' title='bbox 411 2667 482 2731; x_wconf 90' lang='lat' dir='ltr'>haec</span> <span class='ocrx_word' id='word_1_157' title='bbox 516 2678 624 2731; x_wconf 89' lang='lat' dir='ltr'>autem</span> <span class='ocrx_word' id='word_1_158' title='bbox 663 2669 702 2731; x_wconf 90' lang='lat' dir='ltr'>de</span> <span class='ocrx_word' id='word_1_159' title='bbox 741 2667 867 2732; x_wconf 89' lang='lat' dir='ltr'>Comite</span> <span class='ocrx_word' id='word_1_160' title='bbox 910 2666 1096 2752; x_wconf 85' lang='lat' dir='ltr'>Campaniae</span> <span class='ocrx_word' id='word_1_161' title='bbox 1126 2667 1332 2732; x_wconf 75' lang='lat' dir='ltr'>Theobaldo²</span> 
     </span>
     <span class='ocr_line' id='line_1_23' title="bbox 279 2768 1332 2854; baseline 0.001 -23"><span class='ocrx_word' id='word_1_162' title='bbox 279 2769 424 2832; x_wconf 91' lang='lat' dir='ltr'>Blesensi</span> <span class='ocrx_word' id='word_1_163' title='bbox 438 2768 552 2853; x_wconf 90' lang='lat' dir='ltr'>primo,</span> <span class='ocrx_word' id='word_1_164' title='bbox 569 2769 672 2853; x_wconf 89' lang='lat' dir='ltr'>Regis</span> <span class='ocrx_word' id='word_1_165' title='bbox 687 2768 868 2854; x_wconf 87' lang='lat' dir='ltr'>Anglorum</span> <span class='ocrx_word' id='word_1_166' title='bbox 884 2768 1020 2832; x_wconf 88' lang='lat' dir='ltr'>Henrici</span> <span class='ocrx_word' id='word_1_167' title='bbox 1041 2770 1138 2854; x_wconf 91' lang='lat' dir='ltr'>primi</span> <span class='ocrx_word' id='word_1_168' title='bbox 1161 2793 1203 2833; x_wconf 85' lang='lat' dir='ltr'>ex</span> <span class='ocrx_word' id='word_1_169' title='bbox 1225 2791 1332 2832; x_wconf 90' lang='lat' dir='ltr'>sorore</span> 
     </span>
     <span class='ocr_line' id='line_1_24' title="bbox 278 2870 1333 2955; baseline 0 -23"><span class='ocrx_word' id='word_1_170' title='bbox 278 2882 406 2955; x_wconf 90' lang='lat' dir='ltr'>nepote,</span> <span class='ocrx_word' id='word_1_171' title='bbox 422 2870 531 2954; x_wconf 87' lang='lat' dir='ltr'>aliqua</span> <span class='ocrx_word' id='word_1_172' title='bbox 552 2881 731 2935; x_wconf 81' lang='lat' dir='ltr'>memoratu</span> <span class='ocrx_word' id='word_1_173' title='bbox 756 2871 852 2954; x_wconf 90' lang='lat' dir='ltr'>digna</span> <span class='ocrx_word' id='word_1_174' title='bbox 876 2871 1028 2934; x_wconf 74' lang='lat' dir='ltr'>dicemus·</span> <span class='ocrx_word' id='word_1_175' title='bbox 1072 2872 1154 2935; x_wconf 90' lang='lat' dir='ltr'>Erat</span> <span class='ocrx_word' id='word_1_176' title='bbox 1176 2871 1262 2935; x_wconf 91' lang='lat' dir='ltr'>enim</span> <span class='ocrx_word' id='word_1_177' title='bbox 1284 2870 1333 2934; x_wconf 88' lang='lat' dir='ltr'>vir</span> 
     </span>
     <span class='ocr_line' id='line_1_25' title="bbox 278 2972 1332 3058; baseline -0.001 -24"><span class='ocrx_word' id='word_1_178' title='bbox 278 2973 339 3035; x_wconf 91' lang='lat' dir='ltr'>iste</span> <span class='ocrx_word' id='word_1_179' title='bbox 354 2972 522 3056; x_wconf 89' lang='lat' dir='ltr'>religiosus</span> <span class='ocrx_word' id='word_1_180' title='bbox 536 2995 572 3035; x_wconf 91' lang='lat' dir='ltr'>ac</span> <span class='ocrx_word' id='word_1_181' title='bbox 597 2973 682 3056; x_wconf 90' lang='lat' dir='ltr'>pius,</span> <span class='ocrx_word' id='word_1_182' title='bbox 697 2973 730 3035; x_wconf 94' lang='lat' dir='ltr'>in</span> <span class='ocrx_word' id='word_1_183' title='bbox 756 2995 937 3058; x_wconf 90' lang='lat' dir='ltr'>pauperum</span> <span class='ocrx_word' id='word_1_184' title='bbox 953 2995 1083 3056; x_wconf 92' lang='lat' dir='ltr'>quoque</span> <span class='ocrx_word' id='word_1_185' title='bbox 1099 2973 1332 3037; x_wconf 88' lang='lat' dir='ltr'>sustentatione</span> 
     </span>
     <span class='ocr_line' id='line_1_26' title="bbox 280 3072 1333 3159; baseline 0 -23"><span class='ocrx_word' id='word_1_186' title='bbox 280 3074 481 3157; x_wconf 90' lang='lat' dir='ltr'>conspicuus,</span> <span class='ocrx_word' id='word_1_187' title='bbox 496 3072 682 3156; x_wconf 91' lang='lat' dir='ltr'>dominique</span> <span class='ocrx_word' id='word_1_188' title='bbox 698 3074 759 3150; x_wconf 91' lang='lat' dir='ltr'>sui,</span> <span class='ocrx_word' id='word_1_189' title='bbox 777 3075 895 3157; x_wconf 88' lang='lat' dir='ltr'>dequo</span> <span class='ocrx_word' id='word_1_190' title='bbox 918 3074 1070 3151; x_wconf 85' lang='lat' dir='ltr'>diximus,</span> <span class='ocrx_word' id='word_1_191' title='bbox 1093 3074 1194 3158; x_wconf 91' lang='lat' dir='ltr'>Regis</span> <span class='ocrx_word' id='word_1_192' title='bbox 1217 3073 1333 3159; x_wconf 91' lang='lat' dir='ltr'>optimi</span> 
     </span>
     <span class='ocr_line' id='line_1_27' title="bbox 281 3173 1334 3240; baseline 0 -3"><span class='ocrx_word' id='word_1_193' title='bbox 281 3174 438 3237; x_wconf 92' lang='lat' dir='ltr'>Ludovici</span> <span class='ocrx_word' id='word_1_194' title='bbox 462 3173 633 3237; x_wconf 88' lang='lat' dir='ltr'>laudabilis</span> <span class='ocrx_word' id='word_1_195' title='bbox 657 3175 825 3238; x_wconf 87' lang='lat' dir='ltr'>aemulator</span> <span class='ocrx_word' id='word_1_196' title='bbox 848 3175 991 3239; x_wconf 76' lang='lat' dir='ltr'>effectus·</span> <span class='ocrx_word' id='word_1_197' title='bbox 1037 3175 1103 3238; x_wconf 93' lang='lat' dir='ltr'>Hic</span> <span class='ocrx_word' id='word_1_198' title='bbox 1117 3175 1203 3240; x_wconf 91' lang='lat' dir='ltr'>inter</span> <span class='ocrx_word' id='word_1_199' title='bbox 1217 3187 1334 3239; x_wconf 87' lang='lat' dir='ltr'>caetera</span> 
     </span>
     <span class='ocr_line' id='line_1_28' title="bbox 281 3274 1334 3360; baseline 0.001 -24"><span class='ocrx_word' id='word_1_200' title='bbox 281 3275 411 3359; x_wconf 89' lang='lat' dir='ltr'>pietatis</span> <span class='ocrx_word' id='word_1_201' title='bbox 440 3296 537 3358; x_wconf 89' lang='lat' dir='ltr'>opera</span> <span class='ocrx_word' id='word_1_202' title='bbox 564 3275 739 3360; x_wconf 86' lang='lat' dir='ltr'>praecipua,</span> <span class='ocrx_word' id='word_1_203' title='bbox 768 3274 904 3360; x_wconf 89' lang='lat' dir='ltr'>leprosis</span> <span class='ocrx_word' id='word_1_204' title='bbox 939 3286 1035 3340; x_wconf 86' lang='lat' dir='ltr'>terrae</span> <span class='ocrx_word' id='word_1_205' title='bbox 1064 3299 1132 3340; x_wconf 87' lang='lat' dir='ltr'>suae</span> <span class='ocrx_word' id='word_1_206' title='bbox 1168 3277 1334 3340; x_wconf 89' lang='lat' dir='ltr'>caritativa</span> 
     </span>
     <span class='ocr_line' id='line_1_29' title="bbox 281 3376 1334 3462; baseline -0.001 -22"><span class='ocrx_word' id='word_1_207' title='bbox 281 3377 420 3441; x_wconf 88' lang='lat' dir='ltr'>libenter</span> <span class='ocrx_word' id='word_1_208' title='bbox 444 3376 614 3459; x_wconf 88' lang='lat' dir='ltr'>largitione</span> <span class='ocrx_word' id='word_1_209' title='bbox 641 3377 869 3443; x_wconf 89' lang='lat' dir='ltr'>subveniebat:</span> <span class='ocrx_word' id='word_1_210' title='bbox 906 3377 992 3441; x_wconf 90' lang='lat' dir='ltr'>inter</span> <span class='ocrx_word' id='word_1_211' title='bbox 1012 3399 1093 3462; x_wconf 90' lang='lat' dir='ltr'>quos</span> <span class='ocrx_word' id='word_1_212' title='bbox 1119 3400 1221 3442; x_wconf 91' lang='lat' dir='ltr'>unum</span> <span class='ocrx_word' id='word_1_213' title='bbox 1241 3388 1334 3440; x_wconf 87' lang='lat' dir='ltr'>extra</span> 
     </span>
     <span class='ocr_line' id='line_1_30' title="bbox 282 3477 1335 3564; baseline -0.002 -22"><span class='ocrx_word' id='word_1_214' title='bbox 282 3477 474 3542; x_wconf 88' lang='lat' dir='ltr'>suburbium</span> <span class='ocrx_word' id='word_1_215' title='bbox 490 3478 684 3542; x_wconf 87' lang='lat' dir='ltr'>Carnotense</span> <span class='ocrx_word' id='word_1_216' title='bbox 699 3501 758 3563; x_wconf 89' lang='lat' dir='ltr'>per</span> <span class='ocrx_word' id='word_1_217' title='bbox 772 3479 910 3563; x_wconf 91' lang='lat' dir='ltr'>spatium</span> <span class='ocrx_word' id='word_1_218' title='bbox 931 3480 1064 3564; x_wconf 87' lang='lat' dir='ltr'>aliquod</span> <span class='ocrx_word' id='word_1_219' title='bbox 1078 3490 1111 3544; x_wconf 92' lang='lat' dir='ltr'>et</span> <span class='ocrx_word' id='word_1_220' title='bbox 1126 3478 1335 3562; x_wconf 89' lang='lat' dir='ltr'>eleemosynis</span> 
     </span>
     <span class='ocr_line' id='line_1_31' title="bbox 282 3580 1335 3666; baseline -0.002 -22"><span class='ocrx_word' id='word_1_221' title='bbox 282 3581 348 3644; x_wconf 87' lang='lat' dir='ltr'>auis</span> <span class='ocrx_word' id='word_1_222' title='bbox 363 3581 573 3657; x_wconf 90' lang='lat' dir='ltr'>sustentabat,</span> <span class='ocrx_word' id='word_1_223' title='bbox 587 3589 620 3642; x_wconf 94' lang='lat' dir='ltr'>et</span> <span class='ocrx_word' id='word_1_224' title='bbox 634 3592 740 3664; x_wconf 87' lang='lat' dir='ltr'>partes</span> <span class='ocrx_word' id='word_1_225' title='bbox 752 3580 821 3643; x_wconf 90' lang='lat' dir='ltr'>illas</span> <span class='ocrx_word' id='word_1_226' title='bbox 836 3581 1006 3645; x_wconf 90' lang='lat' dir='ltr'>adveniens</span> <span class='ocrx_word' id='word_1_227' title='bbox 1020 3581 1152 3666; x_wconf 83' lang='lat' dir='ltr'>provida</span> <span class='ocrx_word' id='word_1_228' title='bbox 1165 3581 1335 3644; x_wconf 90' lang='lat' dir='ltr'>devotione</span> 
     </span>
     <span class='ocr_line' id='line_1_32' title="bbox 282 3679 1334 3766; baseline 0.001 -21"><span class='ocrx_word' id='word_1_229' title='bbox 282 3681 440 3745; x_wconf 86' lang='lat' dir='ltr'>visitabat.</span> <span class='ocrx_word' id='word_1_230' title='bbox 486 3679 581 3744; x_wconf 92' lang='lat' dir='ltr'>Unde</span> <span class='ocrx_word' id='word_1_231' title='bbox 596 3703 670 3744; x_wconf 90' lang='lat' dir='ltr'>cum</span> <span class='ocrx_word' id='word_1_232' title='bbox 683 3681 761 3745; x_wconf 93' lang='lat' dir='ltr'>illuc</span> <span class='ocrx_word' id='word_1_233' title='bbox 784 3683 978 3766; x_wconf 92' lang='lat' dir='ltr'>quandoque</span> <span class='ocrx_word' id='word_1_234' title='bbox 992 3683 1101 3746; x_wconf 90' lang='lat' dir='ltr'>venire</span> <span class='ocrx_word' id='word_1_235' title='bbox 1123 3684 1334 3766; x_wconf 88' lang='lat' dir='ltr'>contingeret,</span> 
     </span>
     <span class='ocr_line' id='line_1_33' title="bbox 284 3783 1336 3870; baseline 0.001 -23"><span class='ocrx_word' id='word_1_236' title='bbox 284 3807 354 3847; x_wconf 88' lang='lat' dir='ltr'>sero</span> <span class='ocrx_word' id='word_1_237' title='bbox 370 3794 403 3846; x_wconf 88' lang='lat' dir='ltr'>et</span> <span class='ocrx_word' id='word_1_238' title='bbox 415 3783 559 3866; x_wconf 77' lang='lat' dir='ltr'>-quasiin</span> <span class='ocrx_word' id='word_1_239' title='bbox 574 3783 762 3869; x_wconf 89' lang='lat' dir='ltr'>crepusculo</span> <span class='ocrx_word' id='word_1_240' title='bbox 778 3785 973 3848; x_wconf 90' lang='lat' dir='ltr'>descendens</span> <span class='ocrx_word' id='word_1_241' title='bbox 990 3796 1028 3849; x_wconf 92' lang='lat' dir='ltr'>ut</span> <span class='ocrx_word' id='word_1_242' title='bbox 1044 3807 1219 3870; x_wconf 90' lang='lat' dir='ltr'>pauperem</span> <span class='ocrx_word' id='word_1_243' title='bbox 1241 3807 1336 3849; x_wconf 91' lang='lat' dir='ltr'>suum</span> 
     </span>
    </p>
   </div>
   <div class='ocr_carea' id='block_1_3' title="bbox 321 4012 1336 4134">
    <p class='ocr_par' dir='ltr' id='par_1_4' title="bbox 321 4012 1336 4134">
     <span class='ocr_line' id='line_1_34' title="bbox 321 4012 1336 4134; baseline 0 -68"><span class='ocrx_word' id='word_1_244' title='bbox 321 4015 329 4045; x_wconf 90' lang='lat'><strong>¹</strong></span> <span class='ocrx_word' id='word_1_245' title='bbox 347 4013 469 4066; x_wconf 87' lang='lat' dir='ltr'>Giraldus</span> <span class='ocrx_word' id='word_1_246' title='bbox 481 4014 528 4066; x_wconf 88' lang='lat' dir='ltr'>has</span> <span class='ocrx_word' id='word_1_247' title='bbox 543 4014 663 4084; x_wconf 86' lang='lat' dir='ltr'>repeated</span> <span class='ocrx_word' id='word_1_248' title='bbox 681 4014 733 4068; x_wconf 86' lang='lat' dir='ltr'>this</span> <span class='ocrx_word' id='word_1_249' title='bbox 746 4015 783 4068; x_wconf 85' lang='lat' dir='ltr'>vi·</span> <span class='ocrx_word' id='word_1_250' title='bbox 831 4015 872 4086; x_wconf 89' lang='lat' dir='ltr'>gis</span> <span class='ocrx_word' id='word_1_251' title='bbox 885 4015 969 4068; x_wconf 84' lang='lat' dir='ltr'>extols</span> <span class='ocrx_word' id='word_1_252' title='bbox 987 4014 1041 4067; x_wconf 92' lang='lat' dir='ltr'>him</span> <span class='ocrx_word' id='word_1_253' title='bbox 1057 4015 1084 4066; x_wconf 91' lang='lat' dir='ltr'>in</span> <span class='ocrx_word' id='word_1_254' title='bbox 1102 4012 1192 4134; x_wconf 66' lang='lat' dir='ltr'>nearlp</span> <span class='ocrx_word' id='word_1_255' title='bbox 1203 4014 1247 4066; x_wconf 86' lang='lat' dir='ltr'>the</span> <span class='ocrx_word' id='word_1_256' title='bbox 1265 4031 1336 4066; x_wconf 85' lang='lat' dir='ltr'>same</span> 
     </span>
    </p>
   </div>
   <div class='ocr_carea' id='block_1_4' title="bbox 285 4082 1336 4224">
    <p class='ocr_par' dir='ltr' id='par_1_5' title="bbox 285 4082 1336 4224">
     <span class='ocr_line' id='line_1_35' title="bbox 285 4082 1336 4154; baseline -0.001 -18"><span class='ocrx_word' id='word_1_257' title='bbox 285 4085 340 4136; x_wconf 88' lang='lat' dir='ltr'>sion</span> <span class='ocrx_word' id='word_1_258' title='bbox 359 4093 386 4135; x_wconf 83' lang='lat' dir='ltr'>at</span> <span class='ocrx_word' id='word_1_259' title='bbox 403 4101 429 4152; x_wconf 88' lang='lat' dir='ltr'>p.</span> <span class='ocrx_word' id='word_1_260' title='bbox 443 4088 485 4137; x_wconf 84' lang='grc'>86.</span> <span class='ocrx_word' id='word_1_261' title='bbox 523 4083 571 4134; x_wconf 83' lang='lat' dir='ltr'>See</span> <span class='ocrx_word' id='word_1_262' title='bbox 589 4083 643 4136; x_wconf 82' lang='lat' dir='ltr'>also</span> <span class='ocrx_word' id='word_1_263' title='bbox 663 4082 782 4137; x_wconf 85' lang='lat' dir='ltr'>William</span> <span class='ocrx_word' id='word_1_264' title='bbox 833 4094 947 4138; x_wconf 84' lang='lat' dir='ltr'>termsas</span> <span class='ocrx_word' id='word_1_265' title='bbox 960 4102 1006 4137; x_wconf 86' lang='lat' dir='ltr'>our</span> <span class='ocrx_word' id='word_1_266' title='bbox 1015 4084 1114 4151; x_wconf 86' lang='lat' dir='ltr'>author,</span> <span class='ocrx_word' id='word_1_267' title='bbox 1124 4083 1163 4136; x_wconf 87' lang='lat' dir='ltr'>for</span> <span class='ocrx_word' id='word_1_268' title='bbox 1193 4084 1216 4136; x_wconf 90' lang='lat' dir='ltr'>is</span> <span class='ocrx_word' id='word_1_269' title='bbox 1228 4084 1336 4154; x_wconf 88' lang='lat' dir='ltr'>charity,</span> 
     </span>
     <span class='ocr_line' id='line_1_36' title="bbox 285 4153 1336 4224; baseline 0 -18"><span class='ocrx_word' id='word_1_270' title='bbox 285 4154 317 4206; x_wconf 91' lang='lat' dir='ltr'>de</span> <span class='ocrx_word' id='word_1_271' title='bbox 331 4153 432 4220; x_wconf 82' lang='lat' dir='ltr'>Nangis</span> <span class='ocrx_word' id='word_1_272' title='bbox 444 4153 472 4204; x_wconf 90' lang='lat' dir='ltr'>in</span> <span class='ocrx_word' id='word_1_273' title='bbox 484 4171 525 4204; x_wconf 85' lang='lat' dir='ltr'>an.</span> <span class='ocrx_word' id='word_1_274' title='bbox 539 4157 615 4206; x_wconf 82' lang='lat'>1165.</span> <span class='ocrx_word' id='word_1_275' title='bbox 829 4156 935 4224; x_wconf 86' lang='lat' dir='ltr'>justice,</span> <span class='ocrx_word' id='word_1_276' title='bbox 955 4154 1006 4208; x_wconf 87' lang='lat' dir='ltr'>and</span> <span class='ocrx_word' id='word_1_277' title='bbox 1029 4154 1200 4207; x_wconf 87' lang='lat' dir='ltr'>munificence</span> <span class='ocrx_word' id='word_1_278' title='bbox 1224 4154 1251 4206; x_wconf 93' lang='lat' dir='ltr'>in</span> <span class='ocrx_word' id='word_1_279' title='bbox 1275 4171 1336 4207; x_wconf 93' lang='lat' dir='ltr'>con-</span> 
     </span>
    </p>
   </div>
   <div class='ocr_carea' id='block_1_5' title="bbox 285 4221 1233 4346">
    <p class='ocr_par' dir='ltr' id='par_1_6' title="bbox 285 4221 1233 4346">
     <span class='ocr_line' id='line_1_37' title="bbox 320 4221 1233 4294; baseline 0.008 -21"><span class='ocrx_word' id='word_1_280' title='bbox 320 4222 482 4274; x_wconf 77' lang='lat' dir='ltr'>²Theobald</span> <span class='ocrx_word' id='word_1_281' title='bbox 512 4221 555 4274; x_wconf 91' lang='lat' dir='ltr'>the</span> <span class='ocrx_word' id='word_1_282' title='bbox 589 4223 698 4290; x_wconf 87' lang='lat' dir='ltr'>Second,</span> <span class='ocrx_word' id='word_1_283' title='bbox 729 4242 785 4276; x_wconf 88' lang='lat' dir='ltr'>sur·</span> <span class='ocrx_word' id='word_1_284' title='bbox 834 4223 1233 4294; x_wconf 76' lang='lat' dir='ltr'>structingmonasteries3i.21.</span> 
     </span>
     <span class='ocr_line' id='line_1_38' title="bbox 285 4291 786 4346; baseline 0.006 -3"><span class='ocrx_word' id='word_1_285' title='bbox 285 4291 377 4344; x_wconf 87' lang='lat' dir='ltr'>named</span> <span class='ocrx_word' id='word_1_286' title='bbox 388 4291 431 4343; x_wconf 88' lang='lat' dir='ltr'>the</span> <span class='ocrx_word' id='word_1_287' title='bbox 440 4291 528 4344; x_wconf 84' lang='lat' dir='ltr'>Great.</span> <span class='ocrx_word' id='word_1_288' title='bbox 548 4291 665 4344; x_wconf 85' lang='lat' dir='ltr'>William</span> <span class='ocrx_word' id='word_1_289' title='bbox 676 4293 705 4345; x_wconf 91' lang='lat' dir='ltr'>of</span> <span class='ocrx_word' id='word_1_290' title='bbox 712 4292 740 4345; x_wconf 94' lang='lat' dir='ltr'>N</span> <span class='ocrx_word' id='word_1_291' title='bbox 741 4311 786 4346; x_wconf 83' lang='lat' dir='ltr'>an·</span> 
     </span>
    </p>
   </div>
   <div class='ocr_carea' id='block_1_6' title="bbox 0 0 1525 5040">
    <p class='ocr_par' dir='ltr' id='par_1_7' title="bbox 0 0 1525 5040">
     <span class='ocr_line' id='line_1_39' title="bbox 0 0 1525 5040; baseline 0 0"><span class='ocrx_word' id='word_1_292' title='bbox 0 0 1525 5040; x_wconf 95' lang='lat' dir='ltr'> </span> 
     </span>
    </p>
   </div>
  </div>
 </body>
</html>
