3000 5040
258 466 321 528 122
568 480 751 531 manneus
776 479 1003 531 cannuensls

256 628 366 714 paruit
396 628 466 692 haec
495 628 611 712 passio,
641 639 806 713 tamquam
834 652 928 694 cruce
961 630 1029 714 jam
1058 630 1184 714 perdita
1213 641 1247 694 et
1274 631 1313 694 de

256 730 363 795 medio
397 729 534 807 sublata,
565 730 654 794 illam
689 752 786 814 quam
823 731 858 793 in
886 753 979 795 cruce
1019 731 1081 795 sibi
1118 730 1315 816 adquisierat

256 832 364 896 hostes
398 832 429 896 ei
467 817 643 916 majestatis
679 831 814 914 gloriam
847 831 973 895 auferre
1003 833 1226 910 contendunt;
1262 834 1314 897 vel

255 934 375 1019 potius,
398 933 483 998 sicut
506 935 541 996 in
564 945 650 996 terra
674 933 730 996 illa
755 956 842 996 sacra
866 955 964 1018 quam
986 944 1060 1019 post
1085 946 1135 998 tot
1163 946 1198 999 et
1224 947 1314 1002 tanta

255 1036 426 1120 corporalis
461 1036 646 1121 praesentiae
679 1057 747 1099 suae
782 1046 987 1114 sacramenta,
1017 1037 1146 1101 demum
1182 1039 1313 1123 proprio

254 1159 365 1200 cruore
400 1138 605 1214 consecravit,
630 1137 741 1201 fideles
774 1137 836 1214 sui,
862 1159 928 1200 non
956 1139 990 1200 in
1016 1161 1110 1202 cruce
1134 1161 1231 1217 nunc,
1257 1142 1313 1204 sed

252 1239 287 1302 in
312 1239 407 1303 armis
432 1250 466 1303 et
487 1239 603 1303 bellico
628 1239 799 1303 certamine
827 1239 912 1323 passi
941 1250 1027 1316 sunt,
1054 1239 1098 1304 sic
1127 1262 1217 1304 suam
1243 1242 1312 1326 ipse

252 1342 430 1426 passionem
444 1342 549 1418 istam,
566 1363 663 1425 quam
679 1341 714 1404 in
731 1341 797 1404 suis
813 1341 1048 1424 quodammodo
1063 1363 1150 1405 nunc
1163 1342 1310 1419 sustinet,

254 1443 312 1506 ubi
339 1443 374 1504 in
398 1445 565 1527 majestate
592 1443 682 1506 Patri
707 1452 887 1526 corregnat,
917 1465 983 1505 non
1011 1443 1046 1505 in
1075 1466 1169 1507 eruce
1197 1443 1310 1522 voluit,

254 1544 310 1607 scd
330 1543 365 1606 in
381 1544 477 1607 armis
492 1553 526 1607 et
539 1543 658 1607 bellico
672 1543 818 1606 tumultu
833 1543 997 1607 declarari.
1043 1543 1138 1608 Sicut
1152 1555 1186 1608 et
1200 1547 1311 1609 eodem

253 1645 403 1730 supplicii
422 1667 539 1728 genere
556 1667 620 1728 quo
636 1644 752 1708 Romae
774 1666 925 1728 passinus
948 1655 1017 1708 erat
1032 1644 1160 1723 Petrus,
1183 1670 1217 1710 se
1232 1670 1312 1731 quon

254 1769 317 1830 que
351 1769 519 1831 passurum
552 1747 587 1808 in
618 1746 716 1810 Petro
745 1756 882 1810 testatus
919 1756 979 1822 ost,
1010 1756 1044 1809 et
1084 1747 1154 1832 ipse
1181 1748 1310 1812 dicens:

254 1853 275 1884 “
285 1848 392 1914 Venio
415 1849 554 1911 Romam
575 1847 695 1911 iterum
718 1847 892 1931 crucifigi.”
936 1848 1053 1911 Totam
1069 1849 1181 1933 itaque
1203 1851 1312 1914 caeles-

253 1960 319 2012 tem
343 1950 466 2012 curiam
494 1951 575 2013 caedi
605 1973 663 2034 per
685 1949 936 2033 compassionem
960 1949 1058 2012 simili
1080 1961 1185 2035 strage
1208 1952 1312 2035 desig-

252 2051 351 2128 navit,
374 2073 449 2114 suos
463 2052 572 2115 volens
586 2052 627 2115 ad
640 2050 815 2114 vindictam
835 2050 886 2114 vel
902 2051 984 2114 tanti
999 2051 1117 2116 doloris
1129 2054 1312 2117 ostensione

252 2154 427 2236 provocari.
481 2154 534 2218 De
553 2177 629 2218 voce
655 2163 764 2217 autem
787 2153 843 2216 illa
866 2176 885 2216 a
908 2152 1053 2217 barbaris
1075 2154 1251 2238 incipiente
1277 2165 1311 2219 et

252 2253 288 2316 in
312 2253 430 2318 Latina
452 2256 549 2320 verba
578 2255 791 2320 descendente
815 2255 896 2339 quid
926 2255 1007 2318 mihi
1028 2256 1165 2332 videtur,
1193 2257 1311 2320 edisse·

251 2377 330 2420 ram.
376 2356 522 2436 “Woth,
540 2358 675 2436 Woth,”
699 2356 880 2420 Teutonica
902 2356 1014 2440 lingua
1036 2359 1128 2441 quasi
1149 2358 1311 2442 geminata

255 2457 392 2521 dolentis
414 2459 596 2544 interjectio
611 2470 670 2525 est.
716 2459 809 2524 Idem
832 2481 907 2544 ergo
930 2468 1022 2522 sonat
1043 2482 1079 2522 ac
1101 2460 1128 2522 si
1150 2459 1311 2524 diceretur

255 2562 276 2594 “
287 2558 373 2637 Vhe,
382 2559 467 2638 Vhe,
481 2561 578 2626 Pater
593 2573 627 2626 et
640 2561 762 2640 Filius;
785 2561 871 2639 Vhe,
883 2561 968 2638 Vhe,
986 2560 1127 2644 Spiritus
1143 2561 1310 2625 Sanctus.”

255 2660 307 2724 De
340 2663 506 2746 juncturae
534 2685 674 2748 namque
700 2664 824 2728 ratione
862 2685 928 2726 non
957 2662 1106 2741 discutio,
1136 2663 1309 2726 dummodo

256 2764 417 2827 sententia
430 2776 549 2849 pateat.

300 2864 400 2930 Quod
428 2890 503 2950 ergo
531 2868 617 2931 inter
644 2878 694 2932 tot
729 2867 914 2952 linguarum
941 2889 1060 2951 genera
1086 2866 1226 2950 luguber
1253 2868 1309 2930 ille

255 2966 404 3050 planctus
429 2992 448 3032 a
470 2967 650 3031 Teutonica
671 2968 783 3052 lingua
805 2969 907 3053 coepit
933 2978 967 3031 et
988 2968 1179 3032 terminatus
1203 2981 1252 3033 est
1274 2970 1308 3032 in

256 3065 383 3145 Latina,
400 3069 578 3151 significare
592 3079 700 3152 potest
715 3069 803 3152 quod
811 3092 880 3153 prae
893 3069 989 3132 variis
997 3069 1111 3131 mundi
1125 3071 1310 3134 nationibus

257 3167 446 3232 Teutonicae
469 3179 596 3232 tantum
622 3180 655 3232 et
677 3170 804 3233 Latinae
824 3171 946 3253 linguae
971 3169 1110 3252 populiS,
1132 3194 1309 3256 eorumque

254 3269 404 3354 principi,
431 3270 603 3334 Salvatoris
631 3270 750 3355 injuria
775 3271 872 3353 (sicut
896 3270 1046 3333 vindictae
1077 3270 1215 3334 declarat
1243 3295 1310 3335 ma-

135 3456 140 3464 .
256 3371 389 3455 turatio)
428 3372 562 3435 molesta
595 3372 733 3437 videtur.
794 3371 891 3437 Absit
927 3371 1013 3434 enim
1049 3381 1087 3434 ut
1123 3372 1163 3434 de
1198 3373 1311 3436 futura

255 3472 400 3536 fidelium
439 3484 543 3554 strage
573 3482 606 3537 et
641 3474 805 3559 praecipue
842 3473 1036 3559 populorum
1064 3472 1239 3536 eorundem
1275 3474 1309 3537 in

254 3574 353 3660 hujus
375 3574 592 3659 expeditionis
616 3598 777 3660 aggressu,
800 3575 904 3660 passio
924 3574 975 3637 vel
999 3573 1147 3658 planctus
1171 3573 1309 3659 intelligi

255 3679 374 3760 queat.¹
1185 3753 1187 3757 .

299 3779 420 3844 Videat
447 3779 548 3864 igitur
574 3780 676 3843 lector
702 3779 971 3862 quemadmodum
996 3777 1084 3860 quod
1112 3799 1155 3839 ex
1180 3777 1311 3842 visionis

256 3892 371 3944 natura
392 3883 518 3945 evenire
541 3904 633 3966 posse
648 3882 791 3958 verebar,
809 3881 960 3964 quoniam
976 3879 1011 3941 id
1026 3879 1158 3962 quidem
1178 3879 1309 3942 minime

256 3985 402 4049 volebam
439 3984 545 4046 minus
583 3982 737 4067 expressi,
768 3981 824 4044 sed
853 3991 959 4044 tamen
996 3981 1153 4044 intactum
1182 4004 1226 4044 ex
1261 3982 1311 4044 in-

294 4185 378 4237 ¹Thc
404 4184 529 4236 Hibernia
557 4182 712 4252 Expugnata
733 4179 763 4231 of
810 4178 896 4230 follow
919 4196 988 4248 upon
1013 4178 1058 4230 the
1080 4179 1161 4230 above
1184 4178 1310 4231 narrative

259 4255 380 4306 Giraldus
398 4271 450 4306 was
468 4253 568 4304 written
589 4251 614 4303 in
636 4251 679 4331 the
700 4267 761 4318 year
810 4249 903 4316 belong
920 4257 947 4300 to
964 4267 980 4300 a
992 4248 1156 4369 ‘subsepuent
1172 4248 1270 4328 period,
1282 4266 1310 4300 as

260 4324 337 4381 1187.
382 4323 437 4375 The
462 4322 575 4375 remarks
594 4319 679 4372 which
703 4335 760 4370 now
810 4318 854 4371 the
866 4318 955 4372 reader
967 4318 1019 4370 wrll
1031 4334 1248 4387 easryperccrve.
