3000 5040
238 453 258 512 4
595 460 781 511 suasano
805 459 931 510 1111111.

236 616 310 679 inde
333 605 495 701 jactarit}
492 613 529 676 ‘ac
555 609 756 696 gloriantis
778 607 937 723 Dionysio
960 603 1198 690 philosopho
1174 625 1219 666 src
1241 624 1292 665 re-

236 739 396 802 sponsum
400 708 525 791 fuisse.
571 713 734 777 Praeterea
760 710 833 795 quis
853 709 950 772 hodie
975 706 1139 793 praelatus,
1160 705 1218 790 qui
1241 726 1293 767 ca-

236 818 393 888 nonicam
400 795 496 901 illam
521 814 687 900 pastoralis
710 813 770 876 viri
790 810 1035 895 descriptionem
1053 807 1160 870 111111
1181 805 1292 891 paucis

237 907 434 1026 adimpleat?
493 917 578 983 Quis
607 915 823 1000 orphanorum
852 921 886 975 et
907 909 1105 996 pupillorum
1134 917 1293 972 sustenta-

238 1019 342 1086 toria
345 1015 457 1099 ·Quis
484 1019 642 1082 bonorum
673 1014 816 1080 ecclesiae
849 1013 952 1076 fidelis
981 1010 1204 1096 dispensator?
1246 1007 1294 1071 Et

218 1132 276 1186 .ut
294 1116 342 1186 de
355 1122 461 1186 anima
485 1143 545 1205 pro
568 1119 680 1183 ovibus
701 1115 850 1202 ponenda
869 1126 1001 1191 taceam,
1017 1112 1091 1197 quis
1112 1111 1207 1175 hodie
1221 1132 1293 1226 pas·

204 1289 206 1294 ,
238 1210 299 1305 ior,
327 1225 395 1309 qui,
418 1224 500 1287 lacte
529 1221 631 1285 solum
660 1229 695 1283 et
721 1218 794 1281 lana
821 1215 992 1302 perceptis,
1019 1213 1159 1278 debitam
1187 1211 1292 1296 gregis

168 1311 473 1402 ;“·Ῑ,’111111111(11111111
502 1322 591 1387 vel
581 1344 616 1385 111
645 1320 771 1385 modico
799 1318 913 1404 gerat?
958 1317 1082 1381 Paucos
1110 1314 1230 1378 etenim
1257 1312 1293 1376 in

137 1414 229 1518 :'·‚·''‘'
238 1428 383 1512 partibus
398 1426 514 1490 uostris
528 1423 679 1510 praelatos
693 1421 788 1485 hodie
802 1420 958 1497 videmus,
975 1419 1032 1503 qui
1046 1439 1111 1480 uon
1132 1414 1293 1479 fiscalibus

237 1530 332 1614 longe
368 1527 557 1615 propensius
594 1547 692 1609 quam
720 1521 957 1608 episcopalibus
989 1519 1074 1584 curis
1100 1517 1293 1601 indulgeat?

240 1631 325 1695 Sunt
340 1632 460 1716 quippe
475 1638 618 1714 pastores
634 1625 691 1710 qui
704 1647 771 1688 non
785 1646 914 1709 pascere
930 1629 1092 1707 quaerunt,
1108 1619 1164 1682 sed
1185 1618 1292 1703 pasci3

75 1720 95 1742 ”
126 1738 130 1746 ’
239 1744 315 1796 sunt
347 1730 473 1816 praelati
508 1728 565 1812 qui
587 1748 724 1811 praeesse
750 1725 897 1810 cupiunt,
923 1746 988 1788 non
1016 1722 1186 1807 prodesse3
1217 1730 1294 1784 sunt

239 1833 381 1918 episcopi
406 1831 462 1916 qui
484 1851 664 1894 nonomen
687 1827 852 1912 dignitatis
878 1828 932 1891 sed
962 1848 1090 1902 nomen,
1119 1847 1185 1889 non
1212 1847 1293 1887 onus

239 1935 296 1998 sed
339 1933 493 1997 honorem
536 1930 785 2016 amplectuntur.
844 1928 939 1992 Tales
976 1928 1087 2013 itaque
1122 1927 1292 2012 principes,

240 2035 383 2119 talesque
395 2033 522 2119 praelati
536 2043 646 2098 nostro
660 2054 746 2096 nunc
761 2054 888 2096 causam
902 2030 1023 2095 calamo
1038 2031 1168 2095 donant.

281 2137 345 2201 Est
367 2157 443 2220 ergo
459 2134 652 2200 trimembris
673 2134 778 2220 operis
799 2134 898 2218 hujus
921 2132 1105 2209 distinctio;
1127 2131 1231 2216 prima
1252 2130 1292 2195 de

238 2238 383 2325 principe
405 2237 592 2302 instruendo
613 2259 671 2321 per
684 2236 772 2300 varia
792 2245 960 2298 auctorum
982 2245 1049 2298 tam
1070 2232 1293 2316 theologorum

239 2363 336 2425 quam
356 2339 557 2404 ethnicorum
572 2349 606 2402 et
621 2337 799 2401 ethicorum
818 2336 1012 2413 testimonia,
1027 2333 1203 2399 doctrinam
1217 2355 1293 2398 oon·

239 2441 322 2505 tinet
336 2452 370 2505 et
383 2451 557 2527 praecepta.
594 2440 743 2506 Secunda
756 2462 831 2504 vero
846 2449 880 2504 et
894 2439 990 2504 tertia
1002 2437 1159 2503 rationem
1170 2437 1271 2501 docen

239 2541 401 2625 regiminis
415 2564 473 2626 per
488 2542 648 2627 exempla.

282 2642 348 2706 Sed
359 2643 511 2727 quoniam
521 2643 675 2728 opuscula
685 2652 795 2708 nostra
804 2666 879 2728 quae
888 2642 1046 2728 juveniles
1055 2642 1132 2706 olim
1140 2641 1216 2706 anni
1226 2663 1293 2705 am·

239 2744 312 2808 bitu
333 2744 423 2828 pleni
444 2744 601 2807 laboriose
626 2746 858 2828 produxerant,
886 2745 949 2808 alia
975 2743 1175 2829 principibus
1206 2742 1293 2807 edita

239 2845 378 2921 fuerant,
392 2844 455 2908 alia
474 2845 616 2929 praelatis
633 2856 666 2908 et
680 2846 897 2925 infructuose3
922 2845 1061 2931 (scriptis
1075 2845 1171 2910 hodie
1191 2844 1291 2920 novis,

240 2968 434 3030 quamquam
458 2945 603 3030 egregiis,
622 2947 733 3010 innata
754 2948 858 3012 finalis
877 2948 975 3034 hujus
998 2949 1150 3034 temporis
1173 2949 1295 3013 malitia

239 3047 349 3110 odium
363 3047 559 3125 auctoribus,
569 3047 722 3112 invidiam
732 3049 851 3134 pariter
864 3060 898 3114 11
912 3051 1074 3129 offensam,
1089 3073 1152 3114 non
1167 3051 1296 3136 praemi-

238 3171 295 3212 um
314 3158 372 3212 aut
385 3148 519 3232 gratiam
532 3151 802 3235 comparantibus)
814 3177 822 3229 3
845 3152 903 3215 bos
917 3152 1061 3236 aliosque
1076 3165 1208 3218 conatus
1222 3177 1295 3217 nos-

238 3260 315 3327 tros,
327 3272 407 3334 quos
419 3249 526 3314 divino
535 3251 630 3316 dante
642 3252 750 3316 favore
760 3264 869 3317 nostra
877 3255 916 3318 de
926 3265 1043 3319 caetero
1052 3256 1173 3340 poterit
1181 3279 1292 3342 parere

146 3398 149 3403 -
240 3351 418 3435 diligentia,
440 3354 631 3437 posteritati,
648 3377 723 3439 quae
745 3356 850 3440 dignis
869 3355 981 3420 saltem
1002 3367 1036 3421 et
1052 3356 1174 3441 absque
1196 3359 1295 3422 livore

238 3455 371 3518 laudum
384 3455 553 3539 praeconiis
567 3455 724 3520 litteratos
739 3459 896 3542 cujusque
910 3457 1034 3522 labores
1049 3460 1195 3538 extollet,
1211 3482 1296 3544 prae·

239 3556 445 3621 sentabimus.
476 3552 563 3621 Illud
572 3557 680 3621 nobile
693 3557 856 3623 Ciceronis
865 3559 1029 3644 eulogium
1040 3561 1295 3645 semperadani-

238 3681 328 3722 mum
342 3669 536 3735 revocantes,
551 3669 727 3744 praesentes
745 3661 871 3724 fructus
893 3672 1142 3740 contemnamus,
1158 3661 1293 3747 posteri·

239 3760 314 3824 tatis
335 3761 446 3845 gloriae
470 3761 672 3825 serviamus.’'
707 3761 753 3824 Et
767 3762 849 3826 illud
863 3764 1026 3848 ejusdem:
1051 3763 1172 3828 “Vitae
1187 3763 1312 3829 brevis

239 3871 288 3924 est
302 3884 423 3939 cursus,
433 3862 544 3946 gloriae
561 3863 804 3947 sempitemus.”
826 3863 873 3928 Et
884 3864 965 3928 illud
975 3865 1162 3949 cogitemus,
1176 3888 1291 3951 corpus

238 3985 305 4026 esse
314 3963 458 4041 mortale,
471 3965 570 4028 animi
584 3986 659 4029 vero
673 3974 779 4028 motus
794 3979 828 4030 et
839 3965 966 4031 virtutis
976 3968 1112 4052 gloriam
1127 3968 1293 4052 sempiter-

237 4087 322 4130 nam.
366 4065 413 4128 Et
434 4066 516 4130 illud
531 4065 646 4130 Plinii:
671 4071 693 4102 “
707 4065 874 4152 Quicquid
888 4091 972 4152 agas,
987 4091 1112 4155 semper
1133 4069 1235 4154 gloria
1254 4069 1296 4133 sit

238 4166 299 4231 tibi
314 4177 388 4230 ante
403 4167 512 4232 oculos
525 4179 558 4233 et
573 4167 766 4232 aeternitas.”

282 4267 445 4332 Caeterum
469 4269 495 4333 si
522 4269 663 4354 cuipiam
685 4270 910 4336 modernorum
934 4273 1117 4358 principum
1137 4273 1291 4357 opuscula
