3000 5040
269 473 310 538 36
576 491 758 544 omarocs
783 492 1009 546 cnnnannsu

268 649 363 703 tenus
384 640 485 724 magis
500 641 656 720 addictus,
672 666 769 727 quam
783 644 918 722 militiis,
933 645 1054 708 deliciis
1070 666 1168 728 quam
1183 644 1325 721 duritiis3

269 741 378 804 veneri
393 764 490 825 quam
504 743 628 821 virtuti,
646 744 798 829 [juvenili
819 746 941 830 quippe
956 745 1057 828 magis
1073 746 1176 808 adhuc
1191 745 1325 819 levitati,

271 864 367 927 quam
378 843 462 906 virili
473 866 537 928 quo
546 845 688 909 nondum
698 845 829 930 attingit
837 845 1056 930 maturitati.¹]
1082 846 1143 910 Illa
1151 847 1327 930 plurimum

271 943 466 1007 exercitatus
488 945 611 1008 malitia
638 969 702 1029 qua
726 947 845 1011 militat
870 947 973 1010 omnis
997 970 1123 1026 amans3
1150 969 1328 1031 perquam

272 1055 306 1108 et
319 1045 414 1109 bonae
437 1046 552 1110 indolis
574 1048 791 1112 adolescentes
812 1050 852 1113 ad
870 1059 1024 1112 armatam
1040 1049 1230 1133 plerumque
1245 1048 1329 1110 mili-

166 1151 169 1155 ’
195 1196 199 1202 .
272 1145 351 1209 tiam
371 1147 503 1210 animari
518 1148 631 1225 solent,
648 1158 682 1212 et
695 1171 714 1211 a
727 1148 897 1234 Cupidinis
912 1149 1022 1213 castris
1037 1151 1077 1212 ad
1092 1148 1231 1212 Palladis
1246 1158 1328 1211 artes

273 1256 307 1310 et
320 1270 407 1311 arces
424 1249 599 1313 sublimari.
642 1249 734 1314 Sicut
748 1273 824 1334 ergo
846 1250 956 1314 viridis
974 1250 1156 1334 juventutis
1176 1251 1270 1325 suae,2
1284 1249 1328 1310 sic

271 1357 307 1415 et
320 1350 526 1432 sequentium
549 1361 685 1414 aetatum
703 1352 779 1436 jura
798 1361 962 1434 sequetur.
1007 1350 1103 1413 Unde
1123 1359 1157 1412 et
1177 1350 1329 1432 quoniam

274 1453 295 1484 “
307 1472 372 1512 non
385 1451 497 1515 lusisse
512 1453 624 1536 pudet,
641 1453 696 1516 sed
710 1475 776 1516 non
791 1453 930 1516 incidere
944 1451 1089 1528 ludum,”
1102 1451 1254 1536 juvenilis
1273 1473 1329 1512 ex-

273 1553 422 1616 cusabilis
442 1562 491 1616 est
512 1554 636 1632 levitas,
652 1577 725 1617 cum
745 1553 915 1617 laudabilis
934 1553 1035 1616 fuerit
1055 1553 1124 1637 ipsa
1143 1551 1339 1628 maturitasp
1420 1605 1421 1609 ,

273 1663 350 1716 tunc
364 1654 468 1737 primo
481 1664 530 1717 est
543 1654 747 1739 inculpabilis
760 1665 849 1731 aetas,
862 1677 936 1717 cum
950 1654 1035 1717 ludis
1049 1664 1176 1739 ponunt
1186 1663 1331 1737 tempora

273 1764 384 1817 metas.
430 1753 490 1821 Ille
509 1765 662 1839 tanquam
684 1756 777 1818 arbor
798 1755 833 1816 in
851 1755 989 1818 radicem
1011 1777 1115 1817 ramos
1132 1764 1329 1830 convertam,

273 1855 394 1917 radices
406 1855 510 1924 facere
521 1855 600 1919 altas
611 1855 777 1938 nequivit3
793 1855 927 1918 ultimus
938 1855 990 1917 hio
1003 1855 1138 1918 fratrum
1150 1855 1196 1938 (et
1206 1855 1331 1917 utinam

276 1955 406 2019 futurus
420 1955 541 2020 virtute
557 1978 623 2019 non
642 1941 818 2038 ultimusl)
834 1955 965 2039 utrique
983 1956 1109 2039 parenti
1123 1956 1190 2018 fere
1206 1977 1331 2039 semper

276 2057 511 2142 obtemperans,
534 2056 701 2140 longaevus
724 2056 874 2120 interris
896 2055 1032 2120 et'felix
1053 2078 1120 2119 esse
1140 2056 1329 2140 promeruit.

279 2157 396 2248 [Cujus
412 2159 509 2223 etiam
522 2159 729 2242 descriptioni
740 2159 908 2242 vulgatum
922 2157 1004 2221 illud
1019 2157 1151 2220 Merlini
1167 2155 1331 2219 Ambrosii

277 2259 463 2324 vaticinium
478 2259 517 2323 de
532 2260 599 2336 illo,
615 2261 673 2344 qui
688 2259 859 2324 Hiberniae
874 2259 995 2322 moenia
1009 2259 1174 2322 subvertet
1188 2258 1329 2321 dictum:

276 2360 401 2424 utinam
427 2361 471 2425 sic
491 2383 563 2424 vere
587 2371 740 2424 consonet
762 2359 846 2424 sicut
871 2369 905 2423 et
918 2358 1133 2424 verisimiliter
1159 2381 1330 2421 consonare

276 2462 413 2526 videtur.
459 2467 481 2498 “
493 2462 724 2546 Priacrpiam‚’¹
746 2462 865 2544 inquit,
892 2462 999 2544 “ejus,
1020 2482 1098 2544 copo
1116 2460 1241 2545 ffactui
1263 2481 1332 2522 sac-

277 2564 405 2640 cambet,
421 2564 537 2646 etflais
551 2563 595 2626 ad
606 2585 731 2647 superor
747 2562 984 2651 convolabit.”⁸]

320 2665 379 2728 Dii
403 2665 491 2742 boni,
516 2665 543 2728 si
569 2665 651 2728 tanti
674 2665 787 2729 fratres
809 2665 953 2728 fraterno
977 2688 1010 2729 se
1036 2664 1173 2728 invicem
1197 2663 1330 2740 foedere,

276 2767 431 2851 filialique
469 2767 588 2831 affectu
627 2778 752 2851 patrem
788 2765 848 2829 filii
888 2767 1113 2855 respexissent,
1146 2765 1331 2849 duplicique

278 2879 344 2933 tam
364 2867 598 2932 benevolentiae
621 2890 717 2952 quam
737 2877 863 2930 naturae
884 2867 1010 2932 vinculo
1032 2867 1155 2931 astricti
1176 2868 1330 2944 fuissent3

279 2980 400 3057 quanta
422 2979 455 3032 et
477 2992 573 3054 quam
595 2969 837 3046 inaestimabilis,
855 2991 952 3053 quam
974 2969 1096 3054 inclyta
1118 2978 1151 3031 et
1171 2968 1333 3052 incompa-

277 3061 387 3134 rabilis
404 3071 440 3138 in
464 3093 568 3139 aevum
584 3080 618 3133 et
637 3070 736 3155 patris
757 3070 872 3134 fuisset
887 3071 988 3154 gloria
1007 3081 1041 3134 et
1061 3069 1160 3155 prolis
1177 3069 1330 3132 victoria!

280 3171 310 3236 0
340 3195 437 3257 quam
466 3173 563 3255 digna
590 3172 743 3236 memoria
768 3183 802 3236 et
829 3171 975 3236 Maronis
1002 3172 1132 3255 ingenio
1156 3171 1252 3254 digne
1276 3192 1333 3233 ex-

275 3274 427 3359 plicanda
453 3274 606 3338 historia!
668 3273 828 3339 Quaenam
860 3274 963 3338 virtus
998 3273 1048 3337 his
1078 3271 1210 3349 viribus,
1238 3272 1333 3354 quive

280 3397 371 3458 reges
401 3375 451 3438 his
480 3375 620 3458 regibus,
650 3375 812 3459 tantisque
847 3375 925 3438 belli
958 3373 1094 3438 ducibus
1126 3395 1201 3455 quae
1235 3395 1334 3455 regna

280 3476 487 3540 resisterent?
545 3475 601 3539 Ad
641 3485 741 3540 tantae
774 3475 903 3540 virtutis
943 3473 1132 3538 exercendae
1168 3475 1334 3537 materiam

278 3573 421 3637 'mundus
459 3572 528 3656 ipse
564 3573 669 3636 minor
703 3583 775 3652 est3
812 3573 854 3637 ad
882 3571 1086 3657 explicandos
1124 3570 1334 3654 triumphales

282 3684 381 3739 tantae
410 3673 538 3752 virtutis
567 3673 690 3751 tituloS,
729 3684 824 3738 terrae
852 3673 1035 3758 superficies
1069 3695 1134 3735 non
1163 3671 1333 3736 sufficeret.

282 3777 323 3841 In
346 3785 503 3860 quantum
525 3774 626 3858 igitur
649 3784 683 3838 et
698 3797 794 3859 quam
813 3777 949 3839 arduum
962 3773 1072 3851 robur,
1088 3774 1184 3838 ramis
1205 3784 1334 3837 natura-

276 3878 355 3941 liter
377 3876 438 3941 sibi
463 3876 710 3952 cohaerentibus‚
734 3898 929 3963 succumque
958 3877 1099 3963 astirpe
1123 3875 1333 3949 trahentibus,

319 4101 325 4130 ¹
346 4098 477 4153 Juveniti.
492 4138 498 4152 .
513 4138 519 4152 .
534 4138 540 4150 .
553 4097 703 4150 maturitati.
722 4095 783 4150 Om.
868 4097 880 4130 ⁸
900 4096 1006 4166 cuju.
1020 4135 1026 4148 .
1041 4133 1047 4147 .
1063 4133 1069 4146 .
1090 4092 1238 4146 convolabit.
1274 4092 1333 4146 Om.

283 4169 435 4293 Missas.
450 4277 456 4291 .
470 4277 476 4290 .
491 4276 497 4290 .
512 4253 567 4288 aa.
604 4234 676 4288 sieut
695 4233 782 4287 virius
834 4164 892 4217 MS'

283 4309 384 4361 vivente
395 4306 504 4378 propris,
517 4305 575 4358 MS.
