3000 5040
288 464 349 525 160
585 480 765 530 erasinus
791 483 1020 533 comanensis

283 627 368 693 huno
391 651 517 692 versum
544 631 712 695 metricum
740 633 876 696 demissa
896 656 973 696 voce
998 634 1182 718 prolatum:
1208 641 1229 671 “
1245 636 1337 702 Mors

283 731 370 814 capit
384 753 448 794 uua
463 732 553 810 duos,
571 733 657 817 capit
671 735 727 797 sed
739 734 823 797 mala
836 735 991 818 patrem.”

325 833 455 897 Fictum
484 845 591 898 tamen
626 837 730 920 primo
759 836 866 900 fuerat
893 839 954 901 hoc
983 839 1022 902 de
1053 839 1142 922 Hely
1171 842 1335 906 sacerdote

283 947 316 998 et
340 936 415 998 filiis
443 936 509 998 suis
532 948 566 1000 et
591 950 663 1022 post
688 939 863 1002 revelatum
892 941 1025 1024 martyri
1051 951 1161 1003 nostro
1180 942 1220 1004 de
1243 941 1334 1024 Rege

283 1036 426 1100 Henrico
456 1047 489 1100 et
517 1038 592 1100 filiis
622 1040 691 1123 ejus
727 1040 845 1103 eisdem
874 1041 990 1104 verbis.
1049 1041 1158 1104 Ambo
1194 1065 1333 1126 namque

280 1137 404 1216 fratres,
429 1138 590 1202 Henricus
611 1161 653 1204 sc.
670 1151 704 1203 et
719 1139 916 1218 Gaufredus,
939 1141 1023 1204 sicut
1036 1153 1070 1206 et
1091 1164 1202 1206 eorum
1222 1153 1334 1227 postea

280 1250 382 1322 pater,
398 1240 487 1305 febre
502 1251 596 1304 acuta
611 1241 747 1304 extincti
761 1253 847 1307 sunt.

324 1341 408 1405 Item
432 1364 504 1405 cum
527 1341 699 1405 monachus
726 1343 856 1426 quidam
885 1343 921 1406 in
947 1353 1051 1407 stratu
1080 1366 1138 1408 suo
1165 1345 1333 1423 recubans,

280 1443 318 1505 de
330 1442 405 1504 filiis
415 1442 515 1527 Regis
525 1443 661 1506 Henrici
675 1443 837 1508 militibus.
849 1444 971 1509 scilicet
985 1457 1051 1509 tam
1065 1446 1200 1530 egregiis
1216 1447 1331 1525 tribus,

279 1556 313 1608 et
329 1555 444 1629 quarto
464 1545 610 1608 similiter
625 1555 706 1608 natu
719 1545 853 1622 minore,
869 1547 957 1631 quod
971 1569 1036 1610 non
1052 1556 1121 1610 erat
1135 1547 1282 1631 princeps
1296 1549 1331 1612 in

277 1647 370 1710 terris
393 1646 523 1731 quitali
546 1646 696 1730 genitura
711 1648 866 1731 gauderet
879 1659 913 1710 et
928 1670 1025 1732 quem
1042 1649 1169 1712 exitum
1188 1649 1331 1713 habituri

275 1746 394 1824 forent,
416 1747 592 1832 plurimum
613 1749 778 1831 cogitaret,
799 1749 843 1812 sic
869 1750 999 1812 demum
1022 1750 1228 1827 obdormiret,
1242 1751 1330 1814 vide·
1368 1758 1371 1762 ’

275 1849 372 1912 hatur
393 1849 423 1911 ei
446 1849 534 1932 quod
558 1849 592 1911 in
616 1850 687 1933 ripa
708 1850 850 1912 fluminis
872 1851 1037 1935 cujusdam
1051 1851 1175 1914 videret
1190 1862 1329 1936 quatuor

275 1972 348 2014 aves
367 1951 524 2027 sedentes,
546 1961 675 2013 anatum
695 1951 816 2014 scilicet
837 1952 979 2028 masculi,
994 1952 1052 2036 qui
1066 1952 1163 2035 vulgo
1184 1953 1329 2016 mallardi

275 2050 339 2113 dici
363 2050 477 2128 solent,
494 2060 527 2113 et
548 2073 620 2113 cum
644 2061 750 2114 essent
771 2073 843 2115 aves
861 2052 926 2114 illae
951 2075 1011 2136 pro
1034 2075 1092 2115 sua
1113 2063 1227 2117 natura
1256 2055 1328 2138 pul·

275 2151 452 2228 cherrimae,
469 2151 554 2214 dixit
567 2152 598 2214 ei
612 2175 677 2216 vox
691 2152 860 2236 quaedam:
878 2158 899 2187 “
908 2153 1052 2218 Videsne
1067 2153 1211 2218 volucres
1224 2154 1328 2220 istas?

274 2253 335 2316 filii
355 2263 431 2317 sunt
445 2253 546 2338 Regis
569 2253 715 2330 Henrici,
731 2255 771 2318 de
798 2255 918 2340 quibus
933 2255 1116 2339 cogitastis;
1140 2265 1173 2318 ct
1187 2257 1235 2319 vis
1250 2278 1326 2339 ergo

274 2356 400 2420 exitum
418 2355 547 2419 illorum
566 2356 697 2420 videre?
723 2357 856 2443 Suspice
878 2357 1080 2442 parumper.”
1129 2357 1229 2423 Quod
1252 2380 1327 2420 cum

272 2457 403 2534 faceret,
417 2459 499 2523 vidit
518 2481 608 2522 avem
623 2481 697 2542 quae
717 2459 799 2522 falco
815 2459 932 2523 dicitur
954 2460 1091 2543 desuper
1110 2458 1146 2521 iu
1160 2481 1232 2522 aere
1253 2480 1328 2542 per-

271 2560 398 2623 nicibus
413 2560 470 2623 alis
484 2561 654 2636 volantem,
671 2571 704 2624 et
718 2561 826 2623 statim
841 2584 913 2624 aves
928 2561 993 2623 illae
1010 2571 1160 2643 quatuor,
1174 2582 1239 2623 una
1252 2570 1327 2643 post

272 2662 404 2725 alteram
431 2685 464 2724 se
491 2663 599 2725 subito
625 2662 798 2745 inaquam
826 2662 967 2725 fluminis
997 2661 1089 2745 quasi
1113 2683 1181 2745 prae
1211 2661 1325 2724 timore

271 2765 337 2826 avis
365 2763 453 2826 illius
481 2764 731 2844 submergentes,
760 2776 872 2846 postea
911 2785 976 2825 non
1004 2773 1263 2846 comparuerunt,
1292 2773 1328 2826 et

272 2865 423 2928 continuo
437 2887 502 2927 vox
522 2864 709 2948 subjunxit:
736 2864 825 2929 “Vis
846 2863 925 2927 scire
950 2887 1024 2947 quae
1046 2863 1088 2926 sit
1104 2863 1169 2928 avis
1193 2863 1248 2926 illa
1271 2886 1325 2926 su-

270 2965 448 3049 pervolans,
474 2965 561 3026 filius
599 2964 713 3048 utique
744 2976 793 3028 est
822 2964 921 3047 Regis
948 2963 1092 3027 Franoiae
1122 2964 1324 3049 Philippus.”

271 3066 323 3129 De
345 3067 447 3129 tribus
465 3077 573 3128 autem
588 3066 700 3149 primis
722 3077 755 3129 et
776 3065 947 3150 primaevis
961 3067 1030 3150 jam
1050 3066 1167 3129 nostris
1186 3067 1323 3130 vidimus

271 3167 395 3244 diebus,
418 3166 506 3250 quod
528 3167 704 3250 repentinis
734 3178 767 3229 et
793 3167 1026 3250 intempestivis
1054 3167 1179 3231 casibus
1214 3190 1324 3231 revera

269 3270 366 3332 rebus
388 3267 534 3330 humanis
559 3267 702 3350 exempti
718 3278 751 3330 et
765 3268 857 3351 quasi
880 3267 1033 3331 fiuctibus
1054 3267 1151 3331 seculi
1167 3269 1323 3331 submersi

270 3380 356 3446 sunt,
372 3369 522 3453 Philippo
538 3369 732 3432 Francorum
751 3369 815 3432 sive
831 3391 926 3431 causa
951 3369 1062 3432 mortis
1087 3391 1197 3431 eorum
1222 3369 1323 3434 fuerit

270 3473 335 3535 sive
356 3494 431 3548 non,
447 3471 551 3533 adhuc
573 3470 744 3554 superstite
767 3479 800 3533 et
821 3481 979 3554 potestate
1001 3484 1165 3553 regnante.
1216 3469 1323 3534 Quar-

269 3585 340 3637 tum
368 3583 476 3636 autem
504 3572 645 3635 filiorum
673 3571 776 3656 Regis
805 3571 939 3635 Henrici
972 3570 1077 3634 adhuc
1105 3571 1320 3655 superstitem,

269 3677 309 3739 ad
330 3674 536 3759 tranquillam
553 3672 666 3758 populi
690 3695 801 3756 pacem
822 3684 856 3736 et
876 3671 1118 3735 ecclesiasticam
1140 3671 1322 3736 libertatem

268 3788 432 3842 conservet
455 3777 548 3839 Deus
568 3776 600 3837 in
626 3785 771 3858 tempora
792 3774 897 3858 longa.
942 3773 1049 3837 1Vide
1069 3773 1169 3836 lector
1185 3774 1322 3856 qualiter

262 3882 362 3965 juxta
388 3891 515 3962 tempus
539 3899 604 3960 quo
631 3876 750 3960 scripta
776 3887 852 3938 sunt
879 3875 949 3938 haec
970 3875 1098 3938 locutus
1121 3883 1169 3937 est
1191 3882 1322 3952 auctor,

266 3994 411 4066 tempore
425 4003 499 4043 vero
520 3978 694 4063 publicatae
718 3977 921 4060 postmodum
944 3977 1103 4053 editionis,
1119 3998 1207 4039 more
1223 3975 1321 4038 trium

266 4081 529 4167 praecedentium,
573 4089 706 4164 quartus
751 4076 918 4160 [Joannes]
964 4077 1056 4162 Rege
1099 4076 1252 4162 Philippo
1288 4077 1322 4139 in

301 4243 310 4275 ¹
330 4241 386 4293 The
402 4259 508 4310 passage
521 4239 606 4292 which
624 4238 730 4304 follows,
744 4243 771 4288 to
821 4234 945 4304 addition,
962 4234 1060 4304 though
1076 4251 1110 4286 no
1126 4233 1223 4356 varictp
1237 4233 1260 4284 is
1276 4231 1320 4284 ob-

1225 4319 1239 4355 e
1251 4301 1329 4364 Ms„

264 4330 412 4377 effluescere,
432 4311 454 4363 is
478 4307 656 4376 undoubtedly
680 4325 696 4358 a
719 4306 771 4358 late
820 4304 935 4358 servable
948 4305 975 4356 in
987 4304 1031 4357 the
1043 4303 1145 4372 writing
1157 4303 1186 4355 of
1194 4312 1205 4355 t
