3000 5016
198 455 240 516 24
507 466 690 517 GIRALDUS
716 465 942 519 OAMBRENSIS

197 616 330 680 materia
347 615 524 692 discordiae,
545 614 756 678 concessimus
774 615 815 678 ad
834 614 981 694 invicem,
993 616 1081 700 quod
1103 616 1143 679 de
1159 617 1252 680 terris

198 727 233 781 et
251 716 504 801 possessionibus
518 727 552 780 et
566 716 713 779 omnibus
724 716 795 779 aliis
806 717 914 794 rebus,
927 740 1007 801 quas
1022 717 1159 802 quisque
1178 740 1252 782 nos·

198 827 284 881 trum
296 818 391 881 modo
400 818 553 902 possidet,
565 817 804 881 alteradversus
816 818 953 882 alterum
963 819 1038 883 inde
1046 819 1128 882 nihil
1137 820 1252 884 amodo

198 928 299 1003 petet,
315 929 452 1003 excepto
467 941 506 981 eo
518 919 557 982 de
569 917 735 995 Alvemia,
747 918 834 982 unde
846 920 1009 984 contentio
1017 920 1102 984 inter
1112 943 1171 985 nos
1181 931 1250 999 est;

199 1029 233 1083 et
257 1029 394 1105 excepto
414 1019 509 1084 feodo
531 1020 570 1082 de
586 1029 688 1083 castro
710 1018 888 1103 Radulphi,
903 1023 938 1084 et
957 1021 1101 1106 exceptis
1116 1020 1251 1084 minutis

198 1119 301 1184 feodis
324 1131 357 1185 et
380 1121 488 1185 divisis
511 1131 669 1184 terrarum
683 1130 865 1184 nostrarum
880 1121 919 1184 de
935 1121 1039 1201 Berri,
1054 1122 1081 1185 si
1104 1122 1249 1186 homines

95 1311 96 1314 Ἴ
198 1222 298 1284 nostri
320 1222 442 1306 aliquid
463 1222 538 1285 inde
558 1221 787 1306 interceperint
807 1222 893 1286 inter
915 1245 948 1286 se
962 1223 1013 1286 vel
1034 1224 1184 1287 adversus
1205 1223 1251 1287 al-

198 1332 304 1386 terum
329 1334 485 1387 nostrum.
531 1323 567 1387 si
590 1335 699 1388 autem
721 1346 818 1408 super
841 1323 901 1401 his,
927 1322 1002 1407 quae
1025 1325 1170 1409 superius
1193 1347 1250 1388 ex·

198 1435 290 1508 cepta
304 1435 389 1502 sunt,
401 1449 459 1510 per
473 1437 598 1490 nosmet
611 1427 697 1511 ipsos
711 1426 877 1491 convenire
892 1449 956 1489 non
970 1426 1165 1509 poterimus;
1189 1449 1249 1511 ego
1347 1424 1353 1442 ‘

198 1526 382 1590 Ludovicus
392 1527 469 1592 Rex
481 1528 677 1592 Francorum
692 1527 775 1612 elegi
786 1538 850 1593 tres
860 1527 1036 1612 episcopos,
1047 1525 1248 1592 Claromont-

198 1651 316 1706 ensem,
342 1629 584 1706 Nivernensem,
604 1628 814 1708 Trecensem3
839 1638 872 1692 et
898 1639 961 1692 tres
975 1630 1121 1706 barones,
1141 1628 1248 1693 Comi-

197 1741 264 1793 tem
287 1729 519 1808 Theobaldum,
544 1741 578 1794 et
594 1729 753 1794 Comitem
779 1730 971 1806 Robertum,
988 1741 1021 1794 et
1047 1729 1182 1794 Petrum
1208 1731 1248 1794 de

198 1829 372 1915 Curteuay,
384 1831 498 1894 fratres
523 1854 620 1895 meos.
665 1830 736 1915 Ego
748 1854 824 1895 vero
849 1830 1011 1895 Henricus
1025 1831 1102 1894 Rex
1117 1831 1248 1916 Angliae

197 1932 280 2015 elegi
301 1943 364 1997 tres
387 1935 562 2018 episcopos,
581 1932 794 1997 Willielmum
814 1931 1095 2010 Cenomanensem,
1112 1931 1247 1997 Petrum

197 2032 470 2118 Petragorensem,
481 2045 515 2098 et
523 2035 704 2099 Robertum
712 2034 1094 2111 Namnetensem3ettres
1104 2035 1250 2114 barones,

188 2134 391 2201 ,Mauricium
405 2137 444 2201 de
458 2137 576 2214 Creun,
589 2136 802 2200 Willielmum
817 2134 1005 2217 Mangunel,
1018 2144 1051 2198 et
1064 2135 1198 2199 Petrum
1210 2137 1250 2202 de

191 2235 312 2303 Monte
327 2239 444 2317 Rebel,
461 2263 504 2303 ex
517 2249 609 2324 parte
623 2261 713 2316 mea3
737 2237 795 2321 qui
814 2236 968 2320 inquisita
990 2236 1160 2319 diligenter
1173 2238 1248 2302 hinc

195 2349 228 2402 et
252 2339 327 2404 inde
355 2341 499 2420 veritate,
528 2352 595 2405 tam
622 2362 680 2424 per
706 2339 835 2423 seipsos,
863 2361 961 2422 quam
985 2362 1043 2423 per
1065 2340 1249 2423 juramenta

195 2456 350 2508 terrarum
359 2443 486 2507 illarum
496 2443 638 2507 omnium
647 2441 794 2526 praedicti
805 2440 946 2526 episcopi
955 2441 988 2504 in
998 2441 1094 2505 verbo
1106 2441 1249 2506 veritatis

194 2545 429 2622 asseverabunt,
446 2556 479 2610 et
493 2545 566 2608 laici
578 2545 746 2630 jurabunt,
763 2543 850 2627 quod
865 2543 1021 2627 quicquid
1041 2544 1248 2627 cognoverint

164 2681 178 2719 s
194 2647 234 2710 de
252 2647 327 2732 jure
340 2649 497 2734 cujusque
512 2649 656 2710 nostrum
672 2667 749 2721 esse,
765 2645 825 2708 hoc
839 2645 924 2708 inter
938 2668 996 2708 nos
1011 2645 1127 2722 dicent,
1144 2655 1178 2708 et
1189 2668 1248 2709 nos

194 2772 304 2813 eorum
324 2749 410 2813 dicto
424 2751 510 2813 bona
534 2749 598 2812 fide
619 2747 755 2810 firmiter
777 2746 943 2811 stabimus.
989 2746 1025 2810 Si
1045 2770 1121 2812 vero
1136 2770 1245 2812 omnes

194 2851 335 2936 episcopi
358 2850 407 2912 illi
422 2871 503 2932 quos
518 2871 578 2932 ego
593 2847 777 2910 Ludovicus
800 2846 882 2930 elegi
894 2848 1049 2911 interesse
1064 2870 1129 2912 non
1151 2859 1244 2933 pote-

193 2962 288 3030 runt,
326 2950 534 3014 nihilominus
563 2947 718 3011 stabimus
745 2947 831 3010 dicto
860 2948 989 3011 illorum
1013 2949 1161 3026 duorum,
1187 2949 1244 3033 qui

192 3054 397 3116 intererunt,
425 3051 472 3114 Et
493 3050 521 3113 si
536 3050 645 3112 omnes
663 3049 798 3112 barones
824 3071 866 3111 ex
891 3059 981 3133 parte
995 3072 1067 3112 mea
1090 3052 1246 3114 nominati

192 3178 258 3218 non
272 3152 490 3229 interfuerint,
510 3173 569 3236 pro
592 3172 630 3212 eo
651 3170 717 3212 non
734 3149 913 3213 remanebit
928 3151 1008 3234 quin
1022 3160 1142 3227 stemus
1158 3152 1244 3216 dicto

192 3255 321 3318 illorum
351 3255 498 3329 duorum,
529 3251 586 3335 qui
608 3249 825 3314 interfuerint.
870 3251 916 3315 Et
942 3252 1088 3315 similiter
1114 3253 1176 3316 erit
1203 3253 1243 3316 de

191 3358 242 3421 his
272 3379 353 3442 quos
382 3377 441 3439 ego
472 3354 634 3418 Henricus
670 3353 763 3437 elegi,
799 3364 865 3418 tarn
893 3355 932 3418 de
958 3355 1115 3439 episcopis
1149 3378 1245 3438 quam

192 3459 231 3522 de
253 3458 437 3522 baronibus.
481 3456 665 3521 Juravimus
690 3456 787 3520 etiam
810 3458 898 3542 quod
922 3457 1049 3520 nullum
1063 3456 1184 3521 malum
1199 3458 1244 3521 eis

190 3561 344 3625 faciemus
368 3570 500 3646 propter
513 3559 680 3622 veritatem
704 3581 800 3644 quam
822 3559 974 3623 dixerint.
1019 3560 1066 3623 Et
1094 3560 1121 3622 si
1149 3560 1244 3637 forte,

191 3665 279 3750 quod
316 3663 407 3728 Deus
435 3672 568 3739 avertat,
596 3662 681 3726 inter
710 3684 768 3725 nos
797 3662 836 3726 de
873 3661 965 3726 terris
992 3661 1108 3725 nostris
1135 3661 1244 3746 aliqua

191 3767 321 3851 querela
335 3765 449 3830 amodo
464 3765 597 3842 orietur,
612 3785 670 3848 per
690 3764 817 3827 eosdem
831 3764 916 3826 bona
935 3763 1009 3840 fide,
1025 3772 1059 3826 et
1075 3763 1143 3826 sine
1160 3765 1245 3828 malo

188 3867 329 3952 ingenio,
345 3867 412 3931 sine
435 3865 586 3930 dilatione
606 3864 805 3928 terminetur.
852 3862 888 3926 Si
910 3872 1018 3927 autem
1036 3863 1144 3948 aliqua
1163 3887 1246 3950 prae·

189 3971 346 4034 dictarum
372 3990 579 4054 personarum
607 3965 736 4029 interim
763 3975 891 4029 mortua
912 3965 1022 4041 suerit,
1049 3964 1148 4028 altera
1173 3966 1243 4030 loco

188 4073 290 4158 ipsius
305 4071 531 4134 substituetur.
562 4067 599 4131 Si
612 4089 687 4130 vero
697 4067 850 4130 alteruter
865 4076 1012 4130 nostrum
1026 4076 1100 4130 ante
1116 4089 1244 4151 suscep-

188 4175 308 4239 tionem
333 4173 447 4250 crucis,
462 4172 524 4234 iter
545 4167 811 4255 peregrinationis
833 4168 973 4252 arripere
988 4168 1137 4246 voluerit,
1160 4168 1241 4232 alter

187 4277 245 4362 qui
258 4275 447 4355 remanebit,
469 4285 585 4338 terram
607 4271 705 4349 illius,
721 4271 776 4355 qui
792 4270 827 4334 in
848 4270 1106 4354 peregrinatione
1120 4269 1192 4348 erit,
1208 4279 1242 4333 et
