3000 5040
416 496 465 544 DE
491 495 755 546 INSTRUOTIONE
780 494 993 546 PRINCIPUM.
1169 479 1227 540 lll

179 653 299 706 serunt.
359 643 435 710 Quo
471 645 568 722 t'acto,
599 643 778 729 Anglorum
816 645 908 728 Rege
944 653 1146 728 procurante,
1177 641 1235 725 qui

179 743 267 826 pacis
296 743 400 807 adhuc
423 745 507 807 bona
523 754 647 808 tentare
670 745 808 822 volebat,
837 757 988 829 cognatos
1011 766 1095 820 suos,
1120 743 1236 806 Archi-

180 845 367 929 episcopum
394 846 586 910 Remensem
614 847 839 924 Willielmum,
872 856 905 909 et
943 846 1084 909 Comites
1111 845 1236 929 Philip-

181 969 259 1030 pum
284 947 511 1012 Flandrensem
542 957 575 1012 et
599 948 822 1011 Theobaldum
850 947 1045 1021 Blesensem,
1069 969 1142 1009 cum
1164 946 1235 1009 aliis

181 1048 384 1130 quibusdam,
401 1049 440 1111 ad
466 1050 573 1133 ipsum
601 1049 686 1112 intra
709 1059 848 1111 castrum
862 1048 1051 1112 accersivit.
1110 1047 1235 1111 Videns

181 1159 290 1211 autem
305 1149 499 1213 Francorum
512 1151 600 1226 Rex,
618 1149 768 1231 quoniam
777 1150 903 1212 hostem
918 1172 1010 1211 suum
1023 1151 1091 1234 jam
1106 1150 1135 1212 ei
1145 1149 1236 1212 Deus
1283 1176 1286 1181 ·

181 1260 216 1312 et
251 1249 382 1313 fortuna
410 1252 550 1320 secunda
586 1251 621 1312 in
656 1273 770 1313 manus
811 1251 951 1328 dederat,
981 1251 1108 1315 nullum
1147 1251 1235 1336 pacis

182 1353 317 1415 verbum
330 1352 521 1436 priusquam
537 1353 614 1415 Rex
629 1351 813 1435 Anglorum
827 1375 861 1414 se
874 1352 1100 1416 misericordiae
1116 1375 1184 1416 suae
1201 1353 1236 1416 in

183 1454 332 1517 omnibus
358 1455 487 1518 omnino
510 1463 716 1538 supponeret,
740 1454 851 1516 audire
874 1454 1002 1517 volebat
1013 1457 1034 1532 3¹
1062 1455 1130 1538 ipse
1150 1477 1236 1531 vero,

183 1555 269 1617 salvo
292 1555 413 1618 honore
435 1577 494 1618 suo
509 1556 666 1639 regnique
689 1577 806 1618 corona
828 1564 861 1617 et
884 1555 1052 1637 dignitate,
1067 1577 1101 1617 se
1124 1555 1158 1617 id
1173 1554 1237 1616 faa-

183 1667 293 1718 turum
304 1657 460 1740 promisit.
486 1656 562 1721 Rex
574 1667 683 1720 autem
692 1656 837 1720 Franciae
847 1656 1035 1740 simpliciter
1045 1656 1128 1719 illud
1137 1666 1170 1719 et
1181 1657 1236 1724 ab·

182 1757 289 1820 solute
313 1758 475 1821 facturum
498 1759 684 1843 respondit3
708 1779 767 1820 nec
796 1757 969 1840 quicquam
995 1757 1025 1820 ei
1050 1757 1235 1830 salvandum

183 1857 263 1934 fore,
279 1859 341 1921 nisi
367 1860 455 1942 quod
478 1860 583 1922 eidem
597 1859 938 1944 ipse'misericorditer
962 1858 1074 1921 salvari
1088 1859 1237 1923 voluerit.

184 1959 283 2024 Quod
310 1970 344 2024 et
369 1962 498 2024 demum
526 1971 600 2046 post
628 1961 746 2024 multas
772 1960 993 2024 altercationes
1016 1971 1050 2023 et
1070 1961 1239 2024 internun-

181 2060 303 2122 tiorum
331 2062 587 2140 commeationeS,
616 2062 694 2144 quia
719 2061 891 2125 necessitas
912 2061 1015 2146 legem
1041 2061 1237 2138 nonhabet,

182 2183 249 2224 non
261 2163 381 2246 absque
396 2163 519 2246 gemitu
535 2163 686 2226 interiore
701 2163 845 2226 maximo
867 2172 901 2225 et
919 2163 1139 2247 indignatione
1154 2185 1239 2226 mor·

183 2265 262 2327 bum
277 2268 479 2347 aggravante,
493 2263 539 2326 sic
553 2265 676 2327 factum
692 2275 749 2327 est.

228 2366 314 2428 Ecce
343 2386 440 2448 quam
465 2364 668 2447 longanimus
692 2375 897 2449 exspectator
920 2377 969 2429 est
985 2366 1156 2443 Dominus,
1181 2367 1237 2428 sed

184 2467 272 2530 ultor
297 2478 368 2530 tum
389 2467 517 2529 demum
537 2466 760 2550 gravissimus!
806 2467 973 2531 Exulante
995 2468 1146 2531 nimirum
1162 2467 1238 2530 olim

185 2569 314 2652 egregio
347 2567 596 2631 Cantuariorum
624 2567 769 2631 antistite
794 2568 930 2656 Thoma,
960 2569 993 2632 in
1023 2569 1146 2632 eunctis
1171 2569 1239 2632 fere

184 2693 261 2754 quae
291 2693 388 2755 super
410 2669 579 2733 concordia
600 2669 686 2732 inter
712 2670 821 2753 ipsum
850 2681 884 2733 et
907 2671 1088 2755 Anglorum
1113 2670 1238 2755 Regem

184 2772 352 2835 formanda
392 2771 572 2854 colloquiis,
617 2770 888 2834 Christianissimo
920 2773 1138 2836 Francorum>
1162 2784 1239 2836 tunc

186 2873 279 2957 Rege
294 2873 455 2937 Lodovico
471 2871 588 2936 totiens
611 2873 652 2936 ad
671 2872 706 2935 id
730 2894 861 2956 operam
883 2873 990 2950 dante,
1006 2896 1131 2960 semper
1152 2876 1240 2959 pacis

187 2975 352 3038 commoda
363 2974 514 3038 'similiter
532 2974 692 3038 contentis
713 2973 945 3058 praepediebat.
990 2975 1132 3040 Volebat
1154 2977 1240 3042 enim

141 3134 145 3141 .
182 3076 369 3161 Anglorum
398 3075 476 3140 Rex
502 3075 667 3158 Henricus
693 3076 781 3160 quod
809 3075 844 3138 iu
870 3077 993 3160 primis,
1008 3088 1083 3142 ante
1105 3080 1240 3142 verbum

185 3180 273 3264 pacis
288 3201 393 3254 omne,
409 3200 442 3241 se
464 3176 753 3262 Archiepiscopum
777 3201 820 3241 ex
840 3188 910 3241 toto
931 3179 1157 3244 misericordiae
1173 3204 1240 3244 suae

187 3281 369 3366 subjiceret.
415 3279 489 3364 Ipse
501 3301 576 3342 vero
591 3278 665 3343 Deo
679 3279 796 3363 plenus
812 3290 846 3343 et
859 3281 962 3364 gratia
975 3281 1137 3365 perfusus,
1153 3283 1238 3347 salvo

186 3382 307 3446 honore
322 3381 388 3445 Dei
411 3387 449 3444 et'
467 3381 587 3461 ordinis
612 3380 662 3443 sui
678 3381 847 3464 dignitate,
864 3404 922 3444 nec
951 3405 1016 3445 non
1040 3393 1073 3446 et
1094 3385 1239 3448 ecclesiae

185 3484 335 3547 libertate
350 3482 403 3544 cui
414 3490 562 3565 praeerat,
575 3503 608 3542 se
617 3481 650 3542 id
661 3481 833 3557 facturum,
846 3503 905 3544 neo
917 3483 1020 3559 aliter,
1034 3485 1239 3548 concedebat.

187 3584 265 3646 Rex
280 3585 389 3646 autem
403 3582 533 3644 omnino
549 3581 847 3644 determinationem
871 3583 1030 3646 obstinata
1046 3585 1169 3648 malitia
1194 3608 1242 3648 re-

187 3685 334 3768 spuebat,
360 3681 490 3767 publice
523 3691 704 3765 protestans
728 3705 761 3746 se
785 3682 913 3746 nullum
935 3684 969 3746 iu
997 3684 1240 3771 Archiepiscopi

186 3808 331 3850 sermone
346 3783 556 3869 sophisticum
566 3784 701 3847 verbum
711 3783 872 3848 ullatenus
887 3786 1109 3852 admissurum.

231 3887 391 3951 Attendat
410 3886 521 3968 itaque
545 3877 646 3947 lector
672 3885 807 3969 diligens
830 3885 969 3970 qualiter
991 3887 1097 3951 divina
1111 3890 1241 3974 justitia
1337 3894 1338 3897 ’

186 3990 319 4066 homini,
335 3989 392 4073 qui
413 3989 566 4051 honorem
582 3987 646 4066 Dei
668 3999 701 4051 et
720 3989 864 4052 ecolesiae
883 4000 1008 4070 sanctae
1023 3991 1146 4055 salvum
1168 3994 1237 4058 fore

186 4092 336 4175 negabat,
353 4101 386 4153 et
400 4112 495 4153 suum
510 4088 613 4151 eidem
635 4087 722 4151 haud
737 4089 934 4152 dissimiliter
947 4090 1102 4156 honorem
1124 4095 1238 4178 regiae*¹

189 4215 252 4276 qua
262 4214 387 4256 coronae
397 4190 515 4266 suae,in
524 4191 721 4253 necessitatis
730 4191 875 4268 articulo,
886 4203 1039 4276 tanquam
1048 4208 1238 4280 argumento

562 4359 566 4366 ·
582 4333 590 4365 ¹
610 4333 743 4402 Hoveden,
752 4349 778 4404 p.
791 4338 850 4388 654.
901 4358 903 4363 ·
