3000 5040
412 542 461 591 Du
486 540 751 592 INSTRUCTIONE
777 539 992 592 PRINCIPUM.
1190 523 1228 585 31

619 803 702 867 Car.
719 801 786 866 IX.

489 980 542 1042 De
557 978 659 1041 titulis
673 978 810 1042 Henriee‘
825 980 921 1041 tertii.

219 1129 323 1195 Quor>
346 1137 455 1192 autem
479 1128 518 1192 de
543 1128 648 1192 titulis
665 1128 801 1192 Henrioi
818 1129 908 1193 tertii
924 1126 1112 1213 Hybernica
1126 1126 1233 1210 Topo-
1247 1137 1357 1229 Hispane·

175 1212 308 1316 graphia
331 1241 440 1294 nostra
468 1230 620 1308 declarat,
644 1229 763 1294 eisdem
793 1240 827 1294 et
848 1229 900 1295 hie
914 1231 1019 1295 verbis
1045 1230 1233 1294 interserere
1246 1201 1308 1240 W

175 1355 242 1396 non
270 1332 410 1396 alienum
438 1332 596 1416 reputavi.
646 1331 817 1396 Praemisso
845 1355 984 1416 namque
1019 1333 1059 1395 de
1081 1332 1235 1395 fratribus

176 1444 315 1499 tractatu
344 1433 567 1510 communiter,
585 1434 624 1496 de
647 1433 717 1518 ipso
740 1435 945 1518 postmodum
970 1434 1179 1519 subjungitur
1201 1432 1236 1494 in

176 1538 264 1600 hunc
299 1535 453 1613 modum;
492 1535 675 1601 “Quorum
706 1535 850 1598 omnium
886 1535 1072 1620 praecipuus
1102 1543 1135 1597 et
1170 1557 1236 1598 uno

178 1640 309 1722 dempto
337 1637 521 1721 primaevus
550 1647 685 1722 paterno
714 1647 780 1700 tam
809 1639 938 1702 nomine
971 1639 1109 1723 fungens
1138 1660 1236 1720 quam

177 1741 310 1816 honore,
335 1739 374 1802 de
403 1761 519 1823 magno
547 1740 659 1824 major,
687 1740 726 1802 de
754 1739 826 1803 luce
850 1739 997 1817 lucidior,
1021 1750 1054 1804 et
1082 1750 1236 1824 tanquam

178 1843 260 1906 alter
282 1839 461 1905 Priameius
477 1840 612 1920 Hector,
634 1841 699 1904 suis
724 1842 837 1919 honor,
860 1842 1008 1906 hostibus
1028 1843 1152 1919 horror,
1168 1864 1236 1905 om-

177 1944 274 2008 nibus
288 1965 398 2021 amor;
421 1942 507 2006 inter
530 1953 665 2007 armatas
688 1944 770 2008 acies
794 1954 949 2029 tanquam
975 1947 1014 2010 de
1036 1945 1111 2031 igne
1124 1944 1236 2028 fulgur

179 2045 356 2130 egrediere,
385 2055 640 2130 cunctorumque
669 2047 844 2123 mentibus,
872 2047 923 2112 vel
951 2049 1046 2112 unica
1074 2070 1157 2133 spes,
1186 2047 1236 2110 vel

179 2165 285 2220 metus
301 2154 463 2219 existens:

323 2310 415 2364 Omnis
427 2310 532 2364 honoris
544 2311 635 2379 honos,
648 2310 725 2364 decor
736 2322 762 2363 et
776 2311 855 2364 decus
867 2310 938 2363 urbis
950 2318 977 2362 et
989 2310 1067 2378 orbis,

356 2396 602 2466 Militiaesssplendor,
614 2396 702 2465 gloria,
715 2395 812 2465 lumen,
825 2413 892 2466 apex
905 2415 912 2458 ;

321 2482 407 2534 Julius
420 2482 529 2551 ingenio,
543 2481 680 2534 virtutibus
693 2481 800 2548 Hector,
812 2481 929 2534 Achilles

356 2567 472 2634 Viribus,
492 2568 628 2636 Augustus
641 2567 764 2635 moribus,
779 2583 822 2620 ore
835 2565 927 2619 Paris.¹

226 2736 364 2800 inermis
380 2737 540 2820 siquidem
553 2737 772 2822 privatusque,
788 2736 869 2800 lenis
884 2744 918 2799 et
932 2735 1078 2812 affabilis,
1093 2735 1181 2799 mitis
1204 2746 1237 2799 et

181 2837 336 2915 amabilis,
345 2838 536 2922 injuriarum
545 2838 764 2923 quarumlibet
775 2839 848 2902 data
858 2837 1030 2914 occasione,
1045 2837 1120 2922 pius
1130 2837 1238 2901 indul·

182 2951 243 3016 tor,
260 2939 510 3024 quamtumlibet
532 2963 604 3004 reos
617 2940 712 3024 longe
731 2940 862 3026 pronior
876 2939 1037 3005 absolvere
1053 2962 1150 3023 quam
1163 2961 1238 3002 con-

182 3043 341 3106 demnare.
387 3042 456 3110 Qui
470 3053 504 3107 et
518 3045 661 3108 animum
676 3045 720 3107 sic
734 3044 929 3118 instituerat,
945 3052 985 3106 ut
998 3043 1081 3106 nihil
1095 3065 1238 3127 unquam

182 3145 266 3207 dono
293 3145 426 3229 dignum
445 3145 595 3229 cuiquam
619 3146 792 3230 denegaret
804 3171 812 3219 3
836 3146 996 3208 neminem
1020 3145 1156 3223 tristem,
1182 3168 1238 3208 ne-

182 3245 302 3309 minem
321 3246 388 3310 voti
404 3268 467 3309 non
487 3256 669 3331 compotem
686 3271 705 3311 a
724 3270 756 3311 se
775 3247 936 3311 discedere
956 3247 1089 3330 dignum
1107 3247 1237 3311 ducens.

184 3346 282 3410 lllum
297 3347 359 3410 sibi
380 3348 520 3432 denique
540 3349 625 3413 diem
644 3349 808 3434 perditum
829 3349 870 3412 iri
894 3359 1058 3434 reputans,
1082 3372 1148 3433 quo
1172 3372 1238 3413 non

183 3447 244 3512 sibi
258 3449 448 3514 multimoda
469 3449 673 3529 liberalitate,
689 3450 809 3514 multos
824 3449 968 3514 alliceret
994 3450 1238 3534 multorumque

184 3559 249 3614 tam
278 3552 373 3616 corda
402 3575 500 3636 quam
528 3575 662 3638 corpora
689 3551 862 3636 multiplici
891 3551 1121 3616 beneficiorum
1143 3552 1223 3634 largi

184 3651 272 3715 tione
287 3663 496 3738 compararet.

227 3752 268 3816 In
287 3754 382 3817 armis
395 3775 471 3817 vero
485 3754 646 3836 rebusque
661 3752 866 3829 militaribus,
885 3753 1010 3837 galeato
1029 3755 1098 3838 jam
1124 3753 1240 3836 capite,

184 3853 340 3930 sublimis,
364 3853 503 3938 effrenis,
519 3863 624 3930 atrox,
639 3853 799 3938 longeque
813 3853 882 3917 fera
896 3853 1032 3918 ferocior
1055 3855 1151 3931 omni,
1168 3855 1240 3918 ubi-

185 3979 249 4041 que
284 3955 351 4019 fcre
379 3954 499 4019 virtute
527 3956 629 4040 magis
666 3977 763 4039 quam
792 3955 923 4020 fortuna
962 3956 1176 4042 triumphans,
1205 3967 1240 4022 et

185 4058 328 4122 Hectora
354 4056 536 4122 Priamiden
562 4080 712 4143 expresse
736 4069 968 4143 representans,
985 4058 1048 4123 nisi
1075 4059 1162 4144 quod
1185 4058 1240 4122 ille

219 4225 228 4256 ¹
247 4224 351 4290 Quoted
373 4223 409 4295 by
434 4224 512 4277 Brom
531 4233 584 4277 ton.
633 4224 685 4277 For
741 4232 780 4277 ter
801 4224 830 4277 of
848 4223 941 4288 Blois;
961 4222 1078 4279 Blesens.
1099 4221 1192 4294 Opera,
1217 4242 1243 4294 p.

185 4243 685 4366 othertestimoniesequaliilaudatory,
742 4297 802 4349 660.
840 4293 896 4346 The
909 4293 952 4345 onl
982 4294 1119 4365 exception
1132 4302 1159 4347 to
1171 4295 1244 4346 these

184 4380 227 4415 see
239 4363 283 4416 the
290 4372 364 4417 notes
376 4364 405 4417 01
415 4364 579 4420 Gussanville
592 4381 625 4418 on
639 4363 687 4416 Pe·
741 4362 764 4416 is
776 4362 895 4416 William
908 4363 937 4416 of
977 4362 1138 4434 ewborougb.
