3000 5016
261 480 302 552 tt
566 502 747 554 erasinus
773 497 999 554 arusuensis

259 662 493 735 transgress013
527 676 602 716 nam
628 654 756 738 quoties
782 676 832 718 res
860 654 895 716 in
924 661 1047 717 arctum
1072 654 1253 732 devenerat,
1280 656 1319 718 de

260 753 346 817 dicto
369 755 491 818 malens
510 777 607 841 quam
630 756 669 818 de
683 755 769 818 facto
792 754 962 838 poenitere,
978 749 1177 840 verbumque
1192 756 1319 820 facilius

240 849 358 938 'quam
386 856 508 920 factum
536 851 663 920 irritum
699 856 837 934 habere3
874 856 948 920 ideo
976 856 1010 919 in
1037 857 1160 920 cunctis
1189 859 1320 942 agendis

260 968 448 1043 prospector
469 958 620 1044 providus
642 969 675 1022 et
696 958 888 1036 moderator,
904 968 942 1022 ut
957 959 998 1022 ob
1021 958 1082 1022 hoc
1097 959 1206 1036 etiam,
1221 961 1321 1023 medi-

260 1058 333 1122 cina
358 1081 400 1122 ex
423 1069 514 1143 parte
537 1059 669 1123 modum
684 1058 871 1136 excedente,
883 1058 968 1144 juris
991 1067 1024 1122 et
1044 1056 1186 1144 justitiae
1203 1052 1320 1123 dilator

262 1161 434 1237 exstiterit,
445 1171 478 1224 et
489 1182 556 1224 non
566 1162 688 1247 absque
699 1182 831 1224 suorum
844 1161 967 1224 enormi
981 1161 1164 1244 gravamine
1175 1184 1320 1225 morosus

262 1262 304 1325 ad
314 1273 430 1326 cuncta
443 1284 622 1346 responsor.
667 1261 821 1345 Denique
835 1261 934 1346 gratis
949 1261 1132 1326 exhibenda
1142 1285 1217 1346 quae
1227 1263 1319 1327 Deus

264 1376 297 1428 et
314 1364 445 1449 justitia
464 1365 553 1442 vult3
577 1365 654 1429 dum
678 1365 806 1450 pretio¹
826 1364 975 1449 provenit
995 1364 1214 1449 impretiabili,
1233 1366 1320 1429 etin

259 1475 395 1550 ¹quaestu
411 1456 545 1551 praestat
560 1467 666 1530 omnia
687 1477 853 1550 praestans,
870 1489 1001 1551 magnos
1017 1466 1115 1530 Giezi
1133 1477 1199 1531 tam
1220 1490 1319 1552 regno

265 1589 362 1650 quam
389 1567 565 1631 sacerdotio
584 1567 718 1651 reliquit
742 1566 896 1632 haeredes.
942 1567 1068 1632 Auctor
1081 1569 1169 1652 pacis
1184 1569 1319 1653 diligen-

265 1668 406 1751 tissimus
442 1679 477 1732 et
511 1670 718 1744 observator;
756 1669 1013 1754 incomparabilis
1048 1669 1320 1755 eleemosynarum

264 1763 406 1852 largitor,
419 1780 453 1832 et
466 1769 649 1854 praecipuus
661 1780 755 1834 terrae
768 1769 941 1836 Palestinae
956 1781 1168 1849 sustentator3
1192 1771 1320 1835 humili-

266 1875 342 1938 tatis
366 1884 498 1952 amator,
522 1875 700 1938 nobilitatis
726 1897 895 1960 oppressor
919 1884 953 1937 et
978 1874 1138 1958 superbiae
1162 1873 1319 1950 calcator3

266 1976 444 2040 esurientes
478 1976 615 2062 implens
643 1977 747 2054 bonis,
778 1987 812 2040 et
841 1976 955 2042 divites
984 1976 1149 2039 dimittens
1185 1975 1319 2053 inanes3

267 2078 412 2141 exaltans
433 2077 581 2156 humiles,
597 2101 719 2164 ponens
734 2080 773 2143 de
795 2079 869 2142 sede
884 2087 1050 2162 potentes3
1075 2076 1270 2141 detestandis
1287 2077 1321 2140 in

267 2202 306 2242 ea
319 2203 394 2264 quae
416 2180 482 2242 Dei
503 2190 578 2244 sunt
597 2180 860 2264 usurpationibus
882 2179 986 2256 multa
1007 2198 1217 2264 praesumens,
1234 2179 1321 2242 zelo-

267 2303 331 2365 que
341 2281 480 2367 justitiae
496 2279 643 2363 (sednon
659 2305 702 2347 ex
717 2281 863 2365 scientia)
878 2280 971 2364 regni
991 2280 1224 2365 sacerdotiique
1245 2281 1322 2365 jura

267 2384 464 2468 conjungens
479 2383 530 2448 vel
544 2384 743 2448 confundens
756 2384 878 2468 potius,
894 2393 928 2446 et
942 2382 1049 2446 omnia
1066 2381 1152 2446 solus
1168 2382 1320 2446 existens.

266 2483 422 2548 Ecclesiae
436 2485 522 2548 filius
538 2496 571 2550 et
584 2487 625 2550 ab
640 2486 696 2550 illa
709 2485 827 2569 sceptri
841 2495 954 2549 nactus
968 2484 1132 2559 honorem,
1146 2506 1321 2547 sacramen-

267 2585 339 2649 talis
362 2586 570 2651 delibutionis
585 2588 635 2652 vel
656 2589 834 2665 immemor,
850 2587 902 2652 vel
925 2586 1142 2650 dissimulator
1166 2596 1319 2671 acceptae,

266 2711 363 2752 sacrae
378 2689 436 2752 vix
449 2689 559 2753 horam
573 2690 688 2754 hostiae
706 2690 875 2754 mittendae
891 2689 1006 2753 divinis
1021 2689 1271 2766 accommodans
1288 2701 1322 2754 et

265 2790 406 2874 idipsum
435 2792 598 2876 temporis,
625 2793 667 2856 ob
694 2793 785 2876 regni
809 2792 894 2855 forte
922 2791 1054 2874 negotia
1082 2801 1182 2868 tanta,
1209 2791 1323 2875 reique

266 2893 405 2977 publicae
430 2916 533 2969 causa,
548 2894 622 2977 plus
645 2893 784 2958 consiliis
807 2903 841 2958 et
863 2915 1008 2957 sermone
1029 2915 1125 2977 quam
1151 2893 1320 2957 devotione

266 3017 465 3058 consumens.
509 2995 702 3059 Vacantium
726 3005 901 3080 proventus
928 2993 1132 3058 ecclesiarum
1158 2993 1193 3056 in
1213 2993 1320 3056 fiscale

261 3096 416 3160 'aerarium
437 3095 577 3174 mittens,
594 3106 627 3160 et
641 3095 766 3159 modico
781 3095 933 3159 fermenti
949 3117 1051 3158 massa
1066 3105 1225 3180 corrupta,
1242 3094 1320 3157 dum

265 3198 371 3260 aufert
395 3197 491 3260 fiscus
517 3197 606 3281 quod
634 3197 695 3262 sibi
720 3197 861 3263 vindicat
891 3196 1048 3274 Christus
1075 3196 1166 3260 novis
1195 3217 1320 3280 semper

267 3300 395 3363 emersis
417 3299 625 3364 incommodis
641 3310 675 3363 et
688 3300 812 3384 guerris
838 3296 999 3374 maximis,
1014 3297 1180 3362 thesauros
1194 3298 1322 3361 univer·

266 3424 317 3464 sos
343 3400 570 3486 profundebat,
588 3402 666 3465 dans
692 3401 793 3486 impio
821 3399 918 3463 militi
945 3420 1021 3483 quae
1047 3399 1116 3463 dari
1142 3399 1322 3463 debuerant

267 3504 433 3568 sacerdoti.
478 3505 534 3569 Ex
554 3527 678 3568 summa
693 3504 866 3589 prudentia
887 3503 990 3567 multa
1006 3494 1201 3580 machinans,
1216 3502 1321 3565 multa

264 3607 398 3692 provide
428 3606 609 3692 disponens,
637 3629 712 3692 quae
741 3617 848 3670 tamen
877 3615 1009 3671 eventus
1037 3627 1104 3668 non
1132 3603 1244 3668 sortita
1272 3627 1322 3667 se-

266 3710 397 3787 cundos,
413 3708 448 3772 in
474 3708 631 3773 contraria
651 3708 842 3792 plerumque
861 3729 989 3792 vergere
1004 3706 1205 3771 videbantur.
1250 3705 1322 3770 Nec

265 3824 409 3897 unquam
423 3811 535 3896 ingens
550 3811 679 3875 emersit
693 3810 941 3888 incommodum,
955 3810 1043 3894 quod
1058 3809 1214 3895 originem
1228 3809 1321 3874 fami-

264 3912 396 3976 liaribus
411 3935 454 3975 ex
468 3911 571 3975 causis
585 3933 651 3975 non
666 3912 874 3977 contraxerit.

307 4013 480 4097 Legitimae
506 4012 605 4098 prolis
631 4013 804 4097 pueritiam
831 4014 970 4079 naturali
1000 4014 1118 4078 affectu
1149 4015 1321 4099 plusquam

251 4128 355 4201 pater
377 4116 583 4200 amplectens,
608 4115 822 4200 provectiores
852 4116 996 4201 ejusdem
1022 4139 1122 4180 annos
1147 4115 1320 4201 plusquam

262 4217 395 4282 vitricus
418 4216 549 4300 oblique
572 4216 765 4301 respiciens:
791 4227 824 4280 et
850 4239 1046 4301 quamquam
1071 4217 1155 4282 filios
1181 4227 1247 4281 tam
1272 4217 1322 4280 in·

464 4341 471 4372 ¹
491 4339 608 4410 Exponit
620 4339 810 4411 impretiabilia,
822 4358 856 4394 ex
869 4343 1016 4409 conjectura
1029 4341 1116 4416 Bouq.
