3000 5040
461 482 510 531 nc
535 480 800 534 rusraucrroun
826 483 1038 536 rnrucrruu.
1235 472 1279 537 63

268 631 299 695 O
315 638 436 714 quanta
449 640 483 695 et
497 635 615 714 quam¹
629 632 886 718 incomparabilis
898 635 1039 699 interris
1054 634 1155 720 Regis
1169 635 1281 719 gloria,

224 756 283 798 nec
299 745 426 798 terrena
438 732 543 799 solum
557 734 614 799 sed
628 745 803 820 perpetua:
827 736 855 801 si
877 736 987 801 statim
999 737 1123 801 omissis
1144 737 1284 821 negotiis

225 835 360 913 cunctis,
381 835 554 919 regnisque
575 835 708 914 relictis,
730 846 765 901 et
788 839 887 902 rebus
908 838 1076 916 universis,
1097 839 1139 902 ad
1161 849 1284 903 tantam

227 936 347 1001 Christi
375 937 585 1016 vocationem,
622 936 744 1003 Christi
780 939 968 1024 discipulus,
1004 940 1120 1005 tollens
1157 960 1284 1004 erucem

223 1060 325 1117 suam,
336 1037 501 1103 Christum
514 1038 641 1115 fuisset,
648 1039 741 1103 omni
754 1041 940 1124 posthabita
953 1040 1119 1118 dilatione,
1133 1042 1282 1105 secutus!

222 1165 242 1205 a
267 1134 334 1225 quo
363 1140 455 1224 regni
484 1149 657 1224 sceptrum,
689 1151 724 1206 et
752 1142 841 1225 quod
868 1143 973 1228 majus
1002 1153 1054 1207 est
1079 1163 1190 1226 regno,
1217 1151 1285 1205 tam
1362 1160 1366 1167 ·

190 1248 193 1253 ’
223 1244 393 1327 gloriosam
420 1241 514 1326 regni
540 1243 673 1326 regendi
703 1243 840 1326 gratiam
868 1243 1009 1328 suscepit
1036 1244 1072 1307 in
1092 1243 1211 1322 terris3
1233 1241 1283 1305 illi

220 1345 316 1429 regni
336 1345 388 1411 sui
409 1344 530 1409 terreni
549 1343 585 1407 in
605 1343 664 1408 hac
685 1344 884 1409 necessitatis
905 1345 1042 1419 umbra⁹
1060 1346 1136 1429 jura
1157 1366 1284 1408 conser-

223 1470 299 1511 vans
327 1467 464 1528 regnum
487 1445 529 1508 ob
558 1444 619 1509 hoc
643 1445 771 1510 caeleste
799 1448 1027 1530 suscepturus!
1087 1445 1117 1509 Ο
1144 1445 1172 1508 si
1201 1445 1284 1508 tanti

225 1547 326 1630 Regis
351 1545 583 1630 patrimonium
605 1545 640 1608 in
665 1545 725 1609 hac
753 1545 952 1610 necessitatis
974 1546 1092 1611 umbra
1112 1544 1199 1609 tueri
1224 1566 1284 1629 pro

222 1671 315 1733 posse
343 1658 471 1711 curaret
504 1647 541 1711 in
563 1646 677 1723 terris3
703 1647 745 1710 de
779 1669 838 1711 suo
863 1647 1016 1731 quoniam
1044 1657 1135 1711 tutus
1163 1647 1285 1710 incom-

223 1748 410 1813 moditatis³
432 1747 578 1831 urgentis
602 1747 739 1811 articulo
763 1748 835 1812 fieri
865 1759 987 1833 posset,
1013 1759 1104 1812 tanto
1137 1757 1284 1833 patrono,

229 1859 386 1934 tantoque
401 1858 511 1913 tutore
526 1849 623 1932 digne
637 1849 806 1915 munitus!

611 2059 693 2123 Cur.
710 2059 849 2124 XXVI.

221 2211 274 2274 De
295 2211 395 2275 cerdis
412 2220 443 2274 et
469 2212 593 2274 monitis
615 2211 715 2287 illias,
732 2211 792 2327 qui.
808 2209 937 2294 scrrpsit
951 2209 1024 2286 heac,
1040 2209 1125 2294 Regi
1139 2208 1281 2274 Hanrioo

434 2313 555 2377 dictis
542 2336 576 2377 to
590 2313 646 2375 hoc
661 2333 747 2389 casu,
763 2313 888 2396 ejusque
902 2312 1065 2394 responsis.

264 2445 438 2511 Cornan
461 2447 585 2510 interea
613 2447 707 2530 Rege
732 2445 869 2509 silvestri
895 2444 1085 2528 indulgente
1112 2445 1419 2509 venationiaeonvm

220 2549 313 2632 cujus
336 2548 443 2611 studio
465 2547 564 2611 nimia
588 2548 738 2612 delectari
761 2547 945 2630 frequentia
967 2559 1184 2625 consueverat,
1202 2571 1324 2611 cume
1286 2470 1439 2653 ἷξπέίῗέὲῗ
1425 2561 1439 2602 d

220 2649 307 2734 apud
337 2647 567 2725 Clarendun,
557 2671 579 2711 1.
607 2671 635 2712 e
668 2647 799 2711 Clarum
828 2648 988 2725 Montem‚
1023 2647 1158 2711 saltibus
1194 2649 1278 2713 feras

220 2749 387 2814 excitare⁴
412 2760 549 2834 pararet,
579 2770 696 2832 genere
725 2770 784 2812 suo
813 2747 957 2812 Henrico
986 2750 1176 2814 Saxonum⁵
1196 2750 1278 2814 duco

220 2862 299 2914 tune
312 2850 396 2915 forte
411 2873 485 2915 cum
499 2850 569 2934 ipso
583 2850 704 2914 ibidem
719 2849 898 2928 existente3
924 2850 990 2934 [ut]
1007 2851 1062 2914 ille
1077 2851 1135 2934 qui
1152 2851 1279 2935 scripsit

219 2953 289 3016 haeo
304 2953 430 3036 Regem
445 2973 542 3036 super
556 2953 696 3015 adventu
711 2951 918 3030 Patriarchae,
934 2952 1045 3017 multis
1059 2952 1277 3030 audientibus,

219 3054 255 3116 in
268 3053 490 3138 hujuscemodi
505 3053 602 3117 verba
617 3053 820 3118 convenerit:
812 3050 839 3094 ·⁶

264 3155 421 3220 “Multos
437 3155 585 3232 vidimus,
609 3155 696 3231 Rex,
723 3167 868 3240 tempore
893 3165 1003 3221 nostro
1026 3167 1060 3222 et
1083 3126 1158 3242 pius
1182 3157 1276 3222 solito

219 3280 407 3342 magnorum
433 3257 467 3320 in
491 3256 644 3342 Angliam
666 3257 842 3336 adventus3
865 3257 923 3321 sed
944 3259 1006 3343 maj
1010 3281 1099 3323 orem
1120 3259 1275 3337 omnium,

219 3370 253 3423 et
266 3381 331 3422 non
352 3359 457 3422 solum
473 3359 514 3422 ad
536 3358 634 3423 vestri
648 3380 759 3422 verum
775 3358 872 3422 etiam
893 3359 985 3444 regni
999 3360 1100 3424 totius
1122 3360 1277 3424 honorem

218 3461 397 3525 maximum
423 3459 619 3524 Patriarohae
649 3482 814 3524 censemus
850 3460 1046 3540 adventum;
1085 3461 1171 3524 Turn
1201 3462 1278 3545 quia

219 3563 268 3626 vir
287 3573 397 3626 tantus
419 3562 606 3646 apartibus
629 3571 695 3624 tam
716 3561 849 3624 remotis
867 3560 932 3624 huc
952 3562 1091 3637 advenit,
1108 3571 1179 3624 tum
1202 3562 1278 3644 quia

218 3663 442 3748 praetermissis
465 3662 718 3747 Imperatoribus
739 3671 773 3724 et
795 3670 953 3724 terrarum
976 3661 1123 3745 Regibus
1143 3663 1276 3740 cunetis,

218 3774 344 3829 tantum
367 3763 518 3827 nuntium
537 3772 571 3826 et
586 3772 652 3826 tam
672 3761 884 3826 honorificum
897 3762 987 3826 vobis
1002 3771 1036 3826 et
1049 3771 1145 3825 terrae
1160 3773 1276 3826 vestrae

217 3864 388 3951 portavit.”
410 3864 615 3949 ..Respondit
636 3863 724 3940 Rex,
740 3863 832 3947 quasi
854 3863 1062 3941 subsannans,
1076 3864 1276 3947 verbumque

217 3968 253 4031 in
279 3975 370 4030 tanta
398 3965 563 4030 audientia
591 3963 715 4029 dictum
740 3985 801 4027 nec
829 3963 985 4029 benevole
1015 3963 1190 4049 suscipiens
1216 3988 1276 4030 nee

255 4161 266 4262 ζ
280 4160 369 4226 Quam,
380 4177 432 4212 om.
445 4158 503 4242 MS.
546 4159 614 4214 -²Bis
626 4158 653 4214 in
665 4159 726 4213 MS.
808 4162 820 4192 ⁶
836 4160 886 4213 See
898 4160 1012 4214 Gervase
1024 4161 1054 4214 of
1069 4160 1236 4232 Cauterbury,
1249 4178 1277 4231 p.

256 4303 266 4329 ⁴
285 4230 485 4368 Ritii'dmbibam'
499 4228 558 4283 MS·
776 4232 977 4370 145issb'orrceait,
995 4300 1053 4355 MS.
