3000 5040
266 464 308 526 20
576 471 759 524 GIRALDUS
784 470 1011 521 cananensrs

266 639 301 691 et
314 624 412 688 vitam
435 622 646 699 commiserat,
669 621 817 707 qualibet
837 621 904 685 fere
926 630 1032 698 nocte,
1047 619 1086 683 ad
1109 618 1193 683 filios
1214 620 1323 684 hostili

266 727 374 792 animo
399 748 433 789 se
456 724 695 801 transferentes,
720 745 813 787 mane
828 722 976 808 requisiti
989 744 1055 786 non
1070 721 1321 805 comparebant.¹

266 829 491 894 Veruntamen
512 826 714 890 intellectum
733 826 829 889 dante
843 826 1025 902 vexatione,
1041 833 1075 888 et
1096 823 1322 887 contritionem

267 930 451 996 conferente
466 928 517 994 vel
531 929 571 992 ad
582 938 708 1012 tempus
724 926 942 1003 tribulatione,
958 927 999 989 ad
1013 926 1157 990 tumbam
1171 925 1322 1009 martyris

266 1032 386 1118 egregii
407 1031 502 1094 nudis
523 1031 704 1116 pedibus,a
729 1029 801 1092 loco
823 1028 910 1092 uude
932 1027 968 1091 iu
989 1027 1153 1092 ecclesiam
1167 1027 1201 1091 S.
1219 1027 1325 1090 Trini-

266 1134 342 1197 tatis
366 1132 506 1217 primum
528 1131 637 1196 oculos
660 1129 807 1216 conjecit,
834 1129 926 1213 quasi
946 1152 1006 1214 per
1028 1129 1131 1193 stadia
1153 1130 1217 1193 duo
1240 1128 1323 1192 Can-

266 1235 402 1299 tuariam
425 1234 502 1298 Rex
517 1233 651 1297 devotus
666 1232 808 1310 accessit,
821 1231 935 1315 ibique
958 1231 992 1294 in
1012 1231 1210 1294 orationibus
1234 1229 1322 1294 felici

265 1336 375 1421 vigilia
388 1335 612 1421 pernoctavit.²
656 1333 817 1398 Dominus
832 1333 952 1397 etenim
975 1334 1031 1418 qui
1045 1333 1204 1396 bonorum
1217 1331 1322 1395 fidelis

264 1461 301 1502 ac
327 1438 465 1502 festinus
491 1447 541 1501 est
565 1437 752 1514 retributor,
780 1434 970 1499 delictorum
999 1446 1107 1499 autem
1132 1433 1322 1519 longanimis

264 1549 462 1624 expectator,
478 1540 521 1603 ob
540 1538 689 1624 martyris
704 1538 754 1602 sui
773 1536 937 1615 honorem,
957 1536 1077 1622 regiam
1096 1536 1320 1614 incontinenti,

264 1640 484 1726 temporaliter
506 1641 630 1719 saltem,
656 1662 863 1704 remunerans
890 1639 1101 1716 devotionem,
1127 1638 1163 1701 in
1185 1639 1321 1702 crastino

264 1743 348 1806 circa
372 1743 484 1805 horam
512 1742 641 1805 tertiam
670 1740 821 1805 Albaniae
851 1740 978 1825 Regem
1006 1739 1232 1817 Williclmum,
1263 1740 1320 1824 qui

264 1841 409 1906 boreales
435 1842 527 1926 regni
552 1854 659 1928 partes
686 1865 759 1907 cum
788 1843 996 1906 barbarorum
1018 1841 1227 1906 multitudiue
1250 1864 1322 1904 oru-

265 1944 381 2008 deliter
415 1944 582 2021 invaserat,
612 1944 642 2007 ei
679 1953 809 2029 captum
845 1943 932 2029 apud
961 1942 1153 2007 Anwicense
1182 1954 1320 2007 castrum

265 2046 399 2110 tradidit
414 2055 447 2108 et
461 2046 648 2130 captivum.³
693 2046 734 2109 In
750 2069 815 2132 quo
831 2068 979 2111 successu
992 2056 1060 2110 tota
1082 2045 1191 2110 statim
1211 2045 1322 2108 turba·

266 2143 330 2211 tio⁴
349 2146 473 2232 quievit
484 2147 674 2231 Anglicana,
691 2157 725 2210 et
738 2147 1084 2232 inbrevipostmodum
1099 2147 1319 2211 transmarina.
1376 2136 1378 2140 ¹

266 2249 354 2316 Quia
368 2249 451 2312 sicut
472 2249 599 2312 nullum
612 2249 746 2326 bonum,
762 2248 806 2312 sic
828 2271 887 2312 nec
903 2258 1002 2313 tantae
1018 2248 1196 2312 devotionis
1210 2270 1321 2312 exem-

264 2351 355 2436 plum
370 2349 505 2413 transire
517 2350 626 2435 potuit
640 2351 918 2414 irremuneratum.
961 2351 1111 2416 ⁵Bellum
1123 2351 1243 2415 etenim
1253 2360 1320 2414 tam

264 2450 472 2536 desperabilis
493 2453 579 2516 initii
602 2463 667 2516 tam
691 2453 880 2538 triumphali
893 2453 958 2516 fine
973 2453 1087 2517 melior
1100 2454 1230 2518 fortuna
1243 2475 1322 2516 con·

263 2552 369 2630 clusit,
386 2562 541 2638 tantoque
555 2554 663 2618 favore
676 2555 777 2639 Regis
798 2555 931 2639 gloriam
953 2565 1068 2619 ettam
1090 2555 1229 2619 feliciter
1240 2577 1318 2638 aug·

263 2655 429 2733 mentavit,
441 2667 480 2720 ut
494 2656 577 2720 sicut
590 2656 623 2719 in
635 2657 748 2741 primis
763 2657 943 2741 indignatio
959 2658 1066 2723 divina
1076 2657 1249 2721 vindictam
1266 2678 1318 2719 ac-

263 2756 415 2821 celerasse
425 2758 569 2821 omnium
581 2759 793 2823 aestimatione
804 2760 991 2844 putabatur,
1001 2760 1046 2823 sic
1056 2759 1178 2835 eadem,
1188 2779 1318 2821 conver·

263 2858 351 2922 sione
360 2859 461 2942 magis
475 2859 617 2943 gaudens
633 2882 730 2943 quam
741 2862 913 2939 eversione,
925 2884 1078 2947 processu
1086 2861 1211 2923 dierum
1223 2858 1319 2944 digna

263 2959 392 3022 demum
407 2959 658 3044 complacatione
673 2961 920 3026 misericorditer
933 2963 1086 3026 resedisse
1101 2959 1253 3026 videtur.⁶

307 3058 387 3121 Post
414 3081 541 3143 gravem
570 3059 681 3143 itaque
711 3062 862 3126 Dolensis
885 3074 1028 3148 capturae
1052 3063 1218 3140 dolorem,⁷
1246 3072 1320 3147 post

263 3158 375 3223 Sancti
397 3160 582 3224 Edmundi⁸
596 3162 827 3228 inundantem⁹
845 3187 944 3249 regna
965 3165 1116 3241 favorem,
1135 3174 1208 3249 post
1238 3164 1320 3228 Can-

262 3260 376 3324 tuariae
389 3270 578 3327 nocturnam
589 3264 743 3350 principis
754 3266 987 3350 peregrinantis
996 3265 1231 3350 poenitentiam,
1245 3287 1318 3351 pro·

261 3361 397 3446 pitiante
412 3364 514 3427 nobili
524 3375 664 3450 martyre
679 3367 814 3446 Thoma,
837 3367 1007 3454 lachrymis
1024 3379 1058 3432 et
1072 3369 1239 3432 devotione
1250 3370 1318 3453 jam

296 3557 305 3590 ¹
324 3557 419 3612 Obron.
432 3560 598 3631 Andegaven.
612 3563 652 3618 ed.
666 3563 763 3632 Labbe,
851 3565 862 3596 ⁴
879 3566 926 3620 Bis
938 3567 965 3620 in
978 3567 1036 3621 MS.

262 3626 290 3678 in
304 3626 370 3683 coll.
383 3628 461 3682 MSS.
473 3631 524 3685 vol.
537 3632 555 3686 i.
586 3671 593 3685 .
606 3634 667 3688 276.
850 3637 860 3667 ⁶
880 3636 1050 3693 Transcribed
1062 3637 1128 3690 from
1144 3637 1189 3689 thc
1200 3635 1317 3689 author's

295 3695 305 3726 ²
322 3697 365 3750 He
382 3699 503 3769 passeda
520 3650 594 3770 nigllt
611 3702 662 3755 and
681 3721 696 3756 a
712 3703 764 3775 day
817 3706 855 3758 To
875 3724 889 3758 o
908 3707 996 3777 rophia
1009 3707 1099 3762 Hiber.
1111 3725 1136 3779 p.
1151 3707 1211 3762 782.

259 3765 339 3835 there,
358 3769 495 3839 according
512 3778 539 3822 to
560 3771 604 3824 the
623 3773 763 3844 testimony
850 3723 873 3808 y
906 3775 1025 3844 ideretur,
1040 3776 1076 3830 H.

258 3836 288 3888 of
297 3836 341 3889 the
352 3837 569 3892 fore-mentioned
581 3840 730 3896 chronicler.
850 3845 861 3877 ⁷
879 3845 921 3897 He
933 3846 1012 3898 refers
1024 3856 1051 3898 to
1063 3846 1107 3899 the
1117 3846 1216 3916 victory
1224 3845 1317 3915 gained

295 3906 376 3960 ΗΛ).
415 3910 491 3962 1174.
548 3909 653 3962 “Facto
682 3928 760 3964 mane
814 3912 850 3984 by
863 3913 954 3984 Henry
967 3915 1005 3968 ll.
1018 3915 1124 3968 atDole
1140 3916 1167 3967 in
1180 3915 1307 3985 Britanny

257 3974 408 4044 priusquam
427 3976 459 4029 ab
482 3979 592 4032 ecclesia
610 3980 761 4049 discederet,
814 3983 841 4035 in
854 3983 957 4052 August
971 3985 1048 4039 1173.
1078 3985 1167 4039 Neub.
1180 3985 1207 4038 ii.
1222 3989 1264 4038 29.
1307 3954 1316 3980 l

256 4053 426 4124 monstratum
445 4057 484 4099 est
500 4049 524 4099 ei
543 4049 641 4118 Regem
659 4050 761 4118 Sootiae,
850 4053 860 4083 ⁸
877 4053 926 4105 See
946 4054 1034 4108 Neub.
1054 4055 1083 4108 ii.
1105 4059 1148 4124 30,
1168 4055 1268 4122 Diceto,
1290 4071 1316 4125 p.

257 4131 301 4182 qur
315 4130 348 4165 ex
366 4125 439 4236 ime
457 4134 503 4169 sua
521 4118 643 4187 Angliam
662 4119 761 4213 invase,
814 4122 874 4190 578,
888 4123 914 4174 in
928 4123 1032 4206 Twysd.

256 4192 305 4246 ret,
319 4194 464 4237 conectam
483 4204 539 4240 esse
558 4196 584 4240 et
603 4196 740 4243 retentum.
848 4191 1040 4248 'Inundantis
1071 4194 1106 4248 Η.
1215 4252 1217 4255 ,

227 4288 228 4292 ,
258 4251 353 4306 Chron.
367 4253 468 4324 Andeg.
480 4254 517 4309 ib.
