3000 5040
277 459 320 523 92
590 472 772 524 omnious
796 470 1021 523 canaanusrs

276 645 354 687 nora
370 623 463 701 filios,
483 623 541 708 qui
562 624 668 709 ipsum
690 625 927 701 infestaverant,
943 622 1114 686 efficaciter
1136 623 1333 687 exheredare

276 725 476 809 praevaleret.

320 827 397 890 Rex
419 838 527 891 autem
544 827 725 912 Philippus,
741 827 857 891 litteris
878 827 1007 905 auditis,
1023 826 1131 890 statim
1147 849 1209 904 eas,
1225 839 1333 912 spreto

275 929 405 1005 nunci0,
430 928 549 992 Comiti
574 928 727 992 Pictaviae
750 927 901 1004 Ricard0,
923 928 981 1013 qui
1006 928 1040 990 in
1064 928 1211 993 exercitu
1234 931 1333 1014 patris

276 1030 419 1094 existens
441 1042 573 1095 eatenus
595 1031 699 1094 eidem
723 1030 806 1093 sicut
826 1030 959 1093 decebat
981 1029 1122 1093 fideliter
1144 1030 1331 1109 adhaeserat,

276 1132 456 1197 destinavit.
502 1133 632 1199 Quibus
654 1131 783 1208 auditis,
800 1141 890 1195 tanta
904 1154 1010 1194 comes
1032 1141 1140 1194 motus
1159 1137 1208 1194 est
1228 1132 1333 1218 indig-

275 1234 415 1312 natione,
432 1244 624 1317 tantumque
640 1255 690 1296 res
711 1232 766 1294 illa
781 1231 846 1294 odii
861 1231 1006 1295 fomitem
1026 1231 1228 1310 ministravit,
1245 1235 1333 1317 quod

275 1357 319 1398 ex
332 1335 388 1398 illa
398 1345 522 1420 patrem
536 1334 625 1411 hora,
638 1344 792 1416 tanquam
804 1332 1087 1397 exheredationem
1099 1357 1188 1398 suam
1201 1346 1333 1421 propter

275 1437 432 1500 minorem
453 1449 532 1500 natu
552 1435 656 1498 filium
678 1435 852 1499 machinari
867 1434 1039 1512 volentem,
1054 1447 1239 1521 suspectum
1251 1461 1332 1501 sem-

275 1561 333 1623 per
348 1538 463 1602 habuit
478 1549 512 1602 et
526 1560 673 1602 exosum.

320 1639 467 1724 Contigit
497 1650 607 1704 autem
631 1639 681 1701 his
712 1639 826 1702 diebus
853 1640 941 1724 apud
971 1639 1331 1726 Castellum-Radulphi

274 1741 441 1804 brachium
463 1741 557 1826 pueri
576 1741 667 1816 Jesu,
686 1740 720 1802 in
742 1741 852 1803 matris
874 1742 1006 1825 gremi0,
1030 1743 1115 1806 sicut
1137 1744 1267 1828 depingi
1282 1744 1332 1807 vel

276 1842 422 1925 exsculpi
446 1842 538 1918 solet,
556 1841 735 1917 residentis,
757 1843 849 1926 jactu
871 1841 1049 1926 blasphemi
1072 1845 1238 1929 cujusdam
1260 1867 1332 1928 per·

274 1967 403 2008 cussum
422 1967 458 2007 ac
472 1943 621 2018 fractum,
637 1942 766 2005 vidente
780 1951 919 2026 utroque
935 1945 1081 2008 exercitu
1095 1956 1129 2008 et
1143 1945 1330 2023 admirante,

275 2047 399 2130 aliquot
418 2047 532 2110 diebus
555 2045 743 2128 sanguinem
766 2067 919 2121 manasse,
939 2055 971 2108 et
993 2046 1216 2130 blasphemum
1238 2047 1332 2111 illum

275 2148 387 2211 eadem
408 2147 486 2211 hora
505 2146 729 2210 miserabiliter
747 2146 949 2230 exspirasse.¹
996 2148 1098 2232 Cujus
1118 2148 1215 2210 etiam
1237 2149 1332 2212 mira-

273 2251 340 2314 culi
360 2250 443 2315 tanti
466 2259 499 2313 et
518 2260 583 2313 tam
604 2247 767 2311 manifesti
786 2248 959 2339 occasione,
976 2273 1048 2313 cum
1067 2250 1230 2333 utrimque
1246 2273 1331 2314 com·

274 2353 416 2415 muniter
437 2352 478 2415 ad
501 2350 719 2435 spectaculum
734 2360 964 2428 occurreretur,
981 2361 1104 2436 treugae
1127 2373 1185 2435 per
1207 2351 1331 2436 aliquot

274 2455 341 2518 dies
356 2455 440 2518 datae
463 2465 548 2517 sunt.
594 2451 658 2516 His
678 2452 790 2536 itaque
813 2451 857 2514 sic
880 2453 990 2536 gestis,
1012 2463 1203 2538 procurante
1224 2453 1331 2516 Picta-

272 2555 429 2619 viensium
459 2554 585 2619 Comite
615 2553 767 2631 Ricardo,
798 2553 855 2636 qui
880 2555 948 2638 jam
977 2554 1077 2638 patris
1106 2555 1147 2618 ad
1175 2554 1330 2618 honorem

273 2668 405 2743 propter
434 2657 586 2720 offensam
615 2655 803 2740 praedictam
839 2655 945 2719 minus
978 2656 1176 2734 intendebat,
1208 2656 1329 2740 quique

274 2759 427 2824 bellicum
451 2761 492 2823 ob
516 2759 578 2822 hoc
600 2780 660 2841 pro
682 2758 762 2841 ips0,
785 2756 836 2821 vel
858 2779 932 2821 cum
955 2758 1036 2842 ipso,
1049 2759 1117 2843 jam
1138 2759 1245 2822 subire
1268 2758 1331 2821 dis-

274 2862 394 2925 crimen
423 2861 553 2946 penitus
582 2859 770 2936 abnuebat;
809 2857 899 2942 (quia
928 2882 1020 2923 omne
1053 2883 1189 2943 regnum
1225 2859 1260 2922 in
1297 2883 1330 2923 se

228 2978 231 2982 ’
273 2964 412 3027 divisum
447 2961 652 3036 desolabitur,
683 2971 716 3024 et
745 2960 821 3044 quia
856 2960 938 3023 nihil
974 2962 1083 3026 minus
1112 2962 1205 3026 decet
1232 2984 1330 3046 quam

275 3065 410 3128 subdola
425 3063 580 3127 calliditas
598 3061 719 3125 animos
734 3061 775 3124 ad
789 3085 904 3146 magna
919 3073 1069 3127 conantes
1080 3065 1103 3148 ς)
1119 3073 1232 3147 treuga
1245 3064 1332 3127 inter

275 3165 383 3249 Reges
398 3187 504 3228 annua
519 3187 556 3228 eo
570 3165 698 3228 demum
714 3163 821 3227 fuerat
832 3175 943 3228 tenore
958 3165 1109 3244 firmata,g
1117 3166 1205 3250 quod
1216 3165 1331 3229 Alver-

229 3275 237 3286 '
270 3269 340 3346 nia,
371 3290 468 3352 quam
508 3275 728 3351 occupaverat,
759 3276 829 3331 tota
858 3267 1052 3332 Francorum
1083 3267 1213 3332 interim
1243 3267 1330 3352 Regi

276 3370 386 3454 quieta
399 3369 560 3435 remansit.

313 3551 406 3604 ¹This
438 3551 461 3603 is
488 3551 605 3603 narrated
636 3559 662 3603 at
684 3559 784 3620 greater
832 3550 912 3603 found
931 3551 958 3603 in
977 3550 1091 3620 Fordun,
1104 3552 1261 3605 Scotichron.
1275 3553 1329 3606 viii.

277 3621 367 3691 length
397 3621 433 3690 by
457 3621 593 3690 Rigordus‚
618 3638 712 3690 among
738 3620 782 3673 the
831 3624 885 3685 32;
904 3619 954 3673 and
966 3620 993 3673 in
1005 3620 1049 3673 the
1061 3622 1159 3676 writers
1175 3623 1275 3692 against
1286 3621 1330 3674 the

278 3691 370 3744 abuses
379 3691 409 3743 of
417 3708 432 3742 a
441 3700 495 3743 sect
505 3690 587 3743 called
597 3689 640 3743 the
653 3689 784 3758 Cotorellt,
831 3689 993 3760 Albigenses.

277 3778 302 3831 p.
317 3765 359 3828 23,
373 3760 413 3814 ed.
429 3760 471 3812 Du
485 3760 595 3814 Chesne.
866 3761 970 3812 ’Anno
998 3777 1034 3814 sc.
1061 3762 1137 3816 1187.
1197 3760 1272 3814 Will.
1297 3761 1329 3814 de

314 3833 339 3883 A
353 3830 423 3883 short
437 3839 546 3884 account
559 3831 589 3883 of
601 3829 673 3882 them
685 3828 738 3882 will
750 3829 782 3882 be
830 3828 858 3881 N
860 3829 932 3899 angis
944 3830 970 3883 in
982 3829 1032 3906 hoc
1044 3847 1119 3884 anno.
