3000 5040
448 474 496 522 nn
521 471 791 523 rusrnncrroun
817 472 1031 522 remonon.
1204 457 1267 529 103

201 620 270 704 jam
285 621 470 705 praemissis,
486 622 548 685 iter
571 623 606 686 in
633 631 745 686 aestate
768 621 919 705 proxima
944 620 1167 684 incunctanter
1188 621 1267 683 arri·

203 743 279 805 pere
304 722 385 786 velle
409 722 487 786 Rex
512 722 664 801 audisset,
680 723 722 786 ad
744 722 834 784 dolos
853 721 1034 806 exquisitos
1053 743 1112 782 nec
1134 743 1198 784 non
1216 722 1265 784 in-

204 822 315 887 solitos
337 847 370 887 se
399 835 597 900 convertens,
624 833 881 908 conceptumque
908 823 1042 886 livorem
1065 822 1263 887 dissimulare

204 947 269 987 non
288 927 476 1009 praevalens,
496 926 661 1011 praemissa
689 925 828 1010 pecunia
846 924 970 1008 grandi,
988 923 1167 1008 majorique
1188 947 1264 1008 pro·

203 1025 309 1100 missa,
327 1049 512 1112 quanquam
525 1038 634 1092 tamen
650 1027 742 1110 quasi
754 1027 789 1090 in
801 1026 939 1103 occulto,
955 1018 1173 1110 praepotentes
1189 1025 1261 1088 Pio·

203 1127 299 1192 taviae
324 1151 471 1212 proceres
491 1139 525 1193 et
548 1128 731 1204 Gasconiae,
762 1149 887 1191 necnon
908 1138 942 1190 et
962 1125 1120 1190 Comitem
1151 1126 1261 1190 Sancti

202 1227 315 1312 Egidii
327 1229 574 1309 Raimundum,¹
596 1231 636 1294 ad
656 1230 874 1293 infestandum
888 1228 1032 1312 undique
1048 1228 1152 1291 filium
1172 1228 1259 1291 exci-

203 1331 302 1410 tavit3
318 1342 357 1395 ut
368 1333 419 1396 vel
434 1334 479 1396 sic
493 1334 600 1418 ipsum
614 1355 634 1395 a
657 1332 778 1396 Christi
793 1330 966 1414 obsequiis,
984 1353 1058 1413 quae
1073 1341 1137 1393 tam
1153 1331 1258 1394 votive

202 1434 391 1497 maturando
413 1444 607 1519 susceperat,
636 1444 820 1510 revocaret3
843 1433 1011 1496 immemor
1038 1432 1178 1515 penitus,
1208 1431 1259 1495 vel

202 1544 403 1617 contemptor
423 1535 544 1619 potius,
561 1534 898 1599 excommunicationis
922 1533 1091 1596 senteutiae
1119 1543 1193 1596 tam'
1208 1555 1257 1596 so·

200 1633 373 1718 lempniter
388 1646 421 1700 et
434 1637 635 1720 generaliter,
648 1636 707 1700 ubi
722 1646 755 1700 et
770 1636 838 1720 ipse
848 1657 988 1719 praesens
1000 1634 1113 1706 fuerat,
1127 1634 1211 1697 datae
1222 1635 1256 1696 in

201 1734 273 1797 illos
288 1737 344 1819 qui
366 1738 406 1801 ad
422 1737 543 1803 Christi
565 1737 718 1822 obsequie
732 1748 861 1802 vocatos
885 1746 919 1800 et
943 1736 1084 1819 signatos
1110 1736 1256 1820 qualibet

200 1836 405 1902 infestatione
418 1840 636 1905 molestarent.

245 1937 359 2002 Comes
373 1950 492 2018 autem,
508 1941 558 2004 his
579 1941 709 2018 auditis,
724 1951 763 2005 ut
777 1949 846 2005 erat
860 1941 954 2004 armis
968 1950 1119 2017 strenuus
1139 1948 1173 2002 et
1186 1938 1255 2002 ani·

199 2060 317 2116 mosus,
333 2040 475 2105 collectis
489 2042 611 2106 viribus
632 2043 674 2106 ad
698 2043 865 2127 proximos
879 2041 1032 2126 primum,
1049 2041 1254 2104 Pictavenses

200 2161 242 2203 sc.
268 2141 331 2203 sibi
353 2142 499 2220 rebelles,
515 2129 651 2206 viriliter
666 2166 698 2206 se
721 2142 888 2219 convertit,
903 2143 1038 2226 majores
1062 2142 1206 2224 ipsorum
1220 2152 1254 2204 et

199 2242 365 2324 magistros
379 2244 464 2305 infra
478 2244 644 2306 castellum
659 2244 712 2305 cui
734 2265 852 2306 nomen
867 2243 1047 2305 Tailleburt
1062 2243 1254 2304 concludens

199 2351 233 2404 et
256 2343 421 2407 obsidione
445 2344 596 2426 cingens;
625 2343 753 2406 eosdem
769 2342 855 2405 infra
872 2365 991 2425 paucos
1014 2342 1082 2408 dies
1105 2343 1145 2405 ad
1167 2343 1256 2406 dedi·

200 2444 323 2506 tionem
346 2444 468 2527 pariter
496 2454 529 2505 et
559 2444 662 2508 crucis
691 2445 937 2529 susceptionem,
960 2445 1038 2528 quia
1065 2467 1131 2507 non
1160 2444 1255 2508 aliam

199 2544 302 2606 voluit
334 2544 598 2628 redemptionem,
628 2567 701 2608 cum
732 2557 839 2609 tamen
865 2547 975 2630 plures
1002 2567 1099 2628 quam
1128 2567 1185 2608 nx.
1216 2546 1254 2609 de

198 2645 380 2730 potioribus
401 2645 539 2709 fuissent
551 2657 584 2709 et
599 2646 718 2724 electis,
735 2648 916 2733 coarctavit.
963 2647 1074 2722 Porro,
1090 2647 1254 2731 pacificata

200 2757 267 2809 tam
280 2747 389 2811 subito
405 2746 548 2810 Pictavia
563 2756 597 2810 et
611 2746 740 2810 castello
756 2746 795 2811 de
820 2747 1010 2824 Tailleburt,
1027 2757 1102 2810 ante
1124 2758 1254 2831 tempus

199 2849 296 2932 hujus
310 2847 567 2932 inexpugnabili,
583 2870 669 2910 nunc
686 2849 753 2933 jam
773 2848 870 2912 tertio
892 2849 932 2912 ab
952 2848 1023 2932 ipso
1037 2849 1252 2933 praecipitato,

200 2949 309 3012 statim
324 2948 494 3012 Gasconiae
509 2949 588 3011 fines
604 2971 678 3012 cum
691 2971 789 3013 manu
803 2950 908 3013 valida
928 2950 1065 3034 impiger
1080 2960 1113 3012 et
1134 2950 1254 3033 impor-

199 3059 298 3113 tunus
321 3050 515 3134 aggreditur,
542 3050 600 3113 ubi
623 3051 803 3115 reformatis
818 3052 853 3114 in
877 3051 967 3114 brevi
994 3074 1067 3135 quae
1092 3051 1254 3116 destructa

198 3151 389 3215 videbantur
412 3162 445 3214 et
459 3151 646 3229 deformata,
663 3154 816 3219 continuo
834 3153 984 3217 Tholosae
1008 3155 1088 3217 fines
1103 3164 1253 3237 potenter

197 3252 328 3330 invadit,
344 3253 510 3338 captisque
523 3254 757 3319 munitionibus
771 3256 892 3333 multis,
909 3255 1101 3340 quibusdam
1116 3255 1253 3318 dimissis

198 3354 333 3438 aliisque
357 3355 505 3438 receptis,
522 3378 594 3418 cum
621 3356 765 3419 nobilem
779 3357 894 3420 urbem
910 3357 1123 3420 Tholosanam
1146 3380 1166 3420 a
1189 3359 1254 3441 qua

197 3475 263 3517 non
272 3455 367 3539 longe
377 3456 446 3538 jam
457 3455 577 3531 aberat,
595 3477 691 3538 quarn
703 3467 737 3518 et
746 3457 807 3518 sibi
817 3459 892 3541 jure
904 3468 1049 3520 materno
1058 3457 1251 3533 vindicabat,

198 3556 328 3639 aggredi
346 3558 414 3639 jam
439 3566 591 3638 parasset,
613 3556 745 3618 nuntios
769 3557 964 3620 Francorum
984 3558 1095 3640 Regis,
1112 3556 1152 3620 ad
1177 3579 1253 3641 sup·

197 3656 403 3741 plicationem
429 3654 564 3718 Comitis
581 3654 690 3718 Sancti
705 3656 816 3738 Egidii
843 3657 989 3733 directos,
1005 3657 1155 3741 suscepit,
1173 3679 1252 3739 qua-

199 3757 286 3819 tinus
301 3779 320 3819 a
336 3766 445 3839 coepto
468 3755 645 3832 desisteret,
669 3757 789 3840 jusque
814 3778 909 3819 suum
933 3757 967 3819 in
995 3758 1084 3820 curia
1106 3757 1251 3821 Franciae

234 3929 241 3958 ¹
261 3927 398 3998 Raymond
416 3928 442 3981 S.
461 3926 553 3993 Gilles,
573 3925 659 3978 Count
676 3925 706 3976 of
749 3923 868 3992 adjusted
887 3923 998 3994 through
1021 3925 1065 3977 the
1092 3925 1207 3979 medium
1227 3925 1256 3977 of

201 3997 339 4050 Toulouse.
376 3996 405 4048 lf
419 3997 470 4050 this
482 3996 514 4048 be
526 4004 593 4062 true,
605 3995 703 4064 though
749 3995 794 4047 the
818 3994 920 4046 French
950 3995 1051 4047 barons.
1086 3996 1111 4048 A
1135 3995 1252 4065 proposal

201 4075 227 4119 at
248 4067 304 4120 first
326 4065 395 4136 sight
413 4065 578 4136 improbable,
602 4065 623 4117 it
650 4064 703 4116 will
749 4064 834 4116 which
853 4063 955 4124 created
967 4065 1066 4134 disgust
1078 4065 1105 4116 in
1118 4065 1162 4116 the
1179 4064 1252 4117 mind

199 4144 308 4190 account
320 4136 359 4188 for
370 4136 414 4188 the
426 4153 516 4190 reason
529 4135 558 4187 of
566 4134 703 4197 Richard‘s
750 4133 779 4185 of
804 4133 845 4201 his
874 4133 966 4187 father.
1001 4135 1050 4187 See
1075 4134 1208 4202 Hoveden,
1233 4134 1251 4187 f.

199 4205 346 4258 afterwards
385 4223 412 4258 ro
431 4205 504 4274 osing
520 4204 575 4256 that
593 4204 634 4256 his
654 4204 702 4256 dif-
750 4206 811 4256 368.
883 4239 887 4248 -

198 4275 298 4328 serence
317 4223 384 4327 witti
443 4274 540 4344 ymond
561 4273 702 4354 shouldsbe
