3000 5040
268 461 331 523 112
577 467 759 532 erasmus
784 469 1011 519 onunnnnsrs

265 623 441 688 laudabiles
474 623 510 685 in
547 622 634 698 orbe,
671 621 711 684 ad
749 621 963 696 vindicandas
1003 620 1086 682 sicut
1123 619 1321 703 sperabatur,

267 725 388 789 Christi
408 723 552 808 injurias,
579 744 754 805 aggressus,
774 722 808 784 in
823 721 971 784 exitiales
995 721 1125 783 demum
1144 721 1207 782 iras
1226 731 1259 782 et
1273 720 1324 783 in-

267 825 446 890 exorabiles
475 824 561 887 inter
587 846 620 885 se
646 833 760 886 mutuo
787 821 968 897 discordias,
997 831 1063 885 tam
1091 821 1322 885 illaudabiliter

267 927 513 1011 expenduntur!
561 924 694 987 Constat
714 922 871 1005 igiturex
892 921 1064 1005 praemissis
1087 921 1214 1005 Regem
1230 922 1324 985 Hen-

256 1027 368 1091 ricum
408 1025 500 1088 malis
534 1025 583 1087 his
621 1024 768 1086 omnibus
807 1023 1054 1107 impedimentis,
1086 1044 1218 1086 werram
1251 1023 1322 1086 filio

266 1127 422 1190 movendo
447 1136 480 1188 et
503 1124 694 1188 sententiam
708 1125 910 1199 incurrend0,
926 1123 960 1185 in
974 1123 1147 1207 propriam,
1163 1123 1235 1187 Deo
1250 1123 1323 1186 vin-

267 1228 347 1304 dice,
363 1227 548 1312 perniciem,
565 1248 674 1290 causas
690 1225 859 1308 originales
878 1235 910 1287 et
926 1225 1105 1298 occasiones
1119 1223 1318 1308 praestitisse.

268 1327 330 1392 His
353 1329 399 1390 ita
412 1327 556 1412 patratis,
573 1327 710 1389 induciis
723 1349 782 1410 per
796 1324 949 1408 hyemalis
964 1325 1080 1409 algoris
1095 1325 1320 1413 intemperiem

266 1450 369 1512 usque
385 1429 425 1491 ad
440 1428 561 1491 Pascha
576 1450 712 1511 sequens
728 1428 880 1510 utrinque
897 1427 989 1503 datis,
1001 1426 1197 1490 Francorum
1212 1437 1319 1489 tamen

265 1529 352 1613 Regi
367 1530 459 1592 terris
480 1529 609 1592 interim
632 1539 665 1592 et
687 1529 823 1594 castellis
846 1528 1010 1612 occupatis
1032 1528 1066 1592 in
1086 1551 1166 1614 pace
1188 1551 1321 1592 manen-

265 1629 363 1708 tibus,
380 1631 420 1694 ad
433 1630 562 1716 propria
578 1629 696 1713 singuli
711 1640 787 1695 sunt
800 1629 928 1694 reversi.

710 1834 790 1898 Car.
815 1833 882 1898 XI.

268 1985 316 2046 De
330 1984 419 2067 Repe
430 1987 638 2068 Hearicoper
653 1986 755 2047 omnia
767 1985 902 2067 confuso,
916 1993 947 2047 et
959 1986 1048 2048 verbo
1058 1994 1121 2048 tam
1132 1989 1317 2070 apostatico,

329 2086 412 2170 quod
424 2087 530 2171 pudor
537 2088 664 2171 pariter
679 2095 709 2149 et
723 2087 811 2149 dolor
825 2087 965 2163 extorsit,
982 2087 1020 2149 ab
1035 2088 1102 2172 ipso
1109 2089 1246 2172 prolato.

307 2233 386 2296 Rsx
423 2243 531 2297 autem
558 2233 731 2315 Henricus,
753 2237 827 2300 visis
855 2237 905 2300 his
935 2260 1010 2322 quae
1048 2239 1089 2301 ad
1117 2239 1316 2302 confusionis

264 2357 331 2397 suae
353 2336 600 2399 maturationem
616 2337 656 2401 de
679 2338 730 2401 die
752 2338 786 2400 in
801 2339 887 2402 diem
902 2340 1002 2423 magis
1024 2340 1214 2416 acciderant,
1230 2339 1317 2404 ultra

263 2458 360 2518 quam
375 2436 462 2499 credi
484 2446 601 2520 potest,
616 2437 712 2500 anxie
727 2439 846 2515 dolens,
864 2441 944 2503 duos
956 2441 1121 2526 episcopos
1144 2464 1219 2505 suos
1235 2464 1318 2526 quos

261 2537 296 2601 in
318 2537 478 2620 colloquio
498 2560 608 2627 secum
629 2539 794 2618 habuerat,
812 2563 950 2624 quorum
972 2542 1109 2605 alterum
1131 2566 1150 2605 a
1165 2543 1316 2606 Cartusia

261 2641 441 2724 promoveri
454 2653 689 2726 procuraverat,
703 2643 916 2707 Baldevinum
927 2667 969 2709 sc.
984 2644 1167 2708 Cantuariae
1179 2645 1316 2709 Archis-

260 2743 427 2827 piseopum
453 2753 486 2806 et
502 2743 677 2827 Hugonem
692 2744 881 2821 Lincolniae,
898 2745 939 2808 ad
956 2767 989 2807 se
1004 2745 1039 2808 in
1053 2746 1194 2809 discessu
1206 2745 1312 2810 vocari

257 2845 364 2929 jussit.
410 2843 564 2908 Habebat
579 2845 665 2908 enim
686 2845 720 2908 in
735 2846 966 2909 consuetudine
982 2847 1157 2932 episcopos,
1170 2848 1312 2924 abbates,

261 2956 294 3009 et
313 2946 396 3008 viros
421 2945 609 3028 religionem
634 2946 749 3009 habitu
771 2947 991 3030 praeferentes,
1014 2949 1196 3025 monachos,
1218 2948 1316 3011 Tem-

259 3046 387 3131 plarios,
399 3046 645 3128 Hospitalarios,
654 3046 769 3109 fratres
780 3048 818 3110 de
829 3048 1089 3126 Grandi-monte,
1100 3050 1140 3112 ad
1152 3049 1313 3133 colloquia

260 3169 317 3209 sua
331 3147 587 3224 circumducere;
610 3147 775 3230 magisque
798 3147 942 3232 ipsorum
957 3171 1054 3232 quam
1077 3150 1218 3213 militum
1241 3172 1315 3214 suo-

258 3270 331 3310 rum
346 3247 485 3310 consiliis
507 3247 567 3324 uti,
585 3248 681 3310 etiam
697 3247 780 3310 circa
801 3249 915 3311 martia
937 3248 1075 3332 negotia,
1096 3263 1312 3315 consueverat.

261 3349 370 3410 Sciens
380 3348 465 3411 enim
475 3349 564 3432 quod
571 3349 640 3412 viro
653 3349 802 3433 sapienti,
811 3350 910 3433 juxta
922 3348 1090 3413 Comicum
1102 3349 1193 3426 illud,
1207 3353 1314 3416 omnia

258 3449 429 3533 plusquam
466 3472 552 3513 arma
587 3461 664 3514 sunt
692 3451 890 3535 temptanda,
920 3473 1045 3535 semper
1081 3451 1116 3512 in
1149 3452 1312 3535 pacificam

258 3551 502 3615 transactionem
530 3553 633 3616 modis
658 3553 807 3616 omnibus
834 3552 1010 3628 laborabat,
1035 3563 1069 3616 et
1091 3553 1177 3637 apud
1204 3552 1313 3617 Lodo-

257 3653 363 3716 vicum
392 3653 587 3718 Francorum
625 3655 761 3739 Regem,
792 3654 851 3739 qui
887 3665 920 3718 et
954 3654 1117 3738 religionis
1145 3666 1314 3720 venerator

257 3755 411 3818 extiterat
440 3766 473 3819 et
500 3757 648 3841 pecuniae
678 3767 786 3820 tamen
818 3767 950 3833 amator,
979 3756 1093 3820 talium
1128 3757 1312 3821 interventu

256 3879 314 3940 per
336 3856 506 3940 pecuniam
526 3857 722 3941 frequenter,
745 3857 843 3920 immo
865 3857 932 3920 fere
955 3879 1090 3942 semper,
1113 3857 1310 3941 proficiebat.

257 3957 421 4021 Adversus
435 3968 545 4020 autem
559 3958 662 4021 filium
677 3958 821 4042 ejusdem
837 3957 1027 4042 Philippum
1043 3958 1120 4041 quia
1141 3957 1174 4020 in
1197 3969 1313 4022 neutro

254 4059 406 4142 proficere
420 4070 557 4144 poterat,
573 4059 628 4125 sed
641 4059 763 4124 viribus
779 4069 812 4121 et
825 4059 920 4122 armis
941 4059 1055 4137 solum,
1073 4060 1192 4144 quibus
1206 4060 1311 4144 impar

256 4159 350 4242 longe
365 4161 483 4239 suerat,
500 4172 533 4226 et
547 4162 666 4245 quibus
681 4161 730 4224 uti
746 4161 929 4225 dediscens¹
945 4161 1041 4225 etiarn
1056 4162 1091 4226 in
1105 4184 1183 4246 pace
1198 4163 1312 4226 ducem

551 4283 559 4314 ¹
579 4283 644 4336 “ie.
653 4281 774 4335 oblivioni
788 4281 920 4337 t1·adens.''
932 4282 1018 4352 Marg.
