3000 5040
273 484 336 546 124
585 497 768 549 otrannus
794 496 1021 547 cannuensis

270 647 402 730 praesidi
429 647 671 724 Saracenorum,
695 647 856 731 quondam
879 647 948 711 viro
977 645 1106 722 illustri,
1128 643 1329 708 Jerusalem¹

272 745 385 828 sugere
401 746 552 830 exemplo
568 745 753 810 Pharaonis.

317 845 338 875 “
350 842 540 906 Devotionis
555 853 622 905 tuae
636 842 759 905 litteras
774 841 885 905 multis
899 852 986 904 retro
1001 841 1200 926 temporibus
1215 840 1257 903 ad
1271 861 1329 902 nos

273 942 457 1021 destinatas,
472 966 568 1028 super
582 944 689 1007 arduis
699 944 848 1026 negotiis,
863 944 924 1008 tibi
940 943 1082 1026 quidem,
1100 943 1127 1006 si
1136 942 1241 1006 verbis
1251 941 1331 1004 fides

273 1044 460 1122 subfuisset,
489 1044 678 1130 profuturis,
714 1056 812 1129 prout
850 1056 969 1108 nostrae
1008 1044 1184 1128 majestatis
1222 1042 1331 1106 decuit

273 1145 553 1230 magnificentiam,
590 1146 799 1230 suscepimus,
830 1161 864 1209 et
898 1146 1106 1230 epistolarum
1148 1155 1330 1208 nostrarum

275 1246 427 1329 alloquiis
464 1246 680 1330 magnitudini
709 1258 775 1311 tuae
805 1247 969 1311 consulere
1001 1246 1136 1330 dignum
1166 1246 1330 1308 duximus

276 1348 374 1412 Nunc
389 1358 496 1411 autem
511 1347 588 1431 quia
602 1359 720 1411 terram
742 1358 883 1411 sanctam
904 1347 1123 1432 prophanasti,
1140 1347 1193 1411 cui
1215 1347 1331 1410 aeterni

276 1449 378 1533 Regis
398 1449 592 1534 imperamus
615 1450 761 1534 imperio,
787 1450 822 1511 in
847 1450 987 1533 praeside
1010 1449 1148 1526 Judaeae,
1178 1447 1331 1512 Samariae

277 1550 539 1627 Palestinorum,l
561 1551 596 1613 in
617 1551 701 1615 tanti
724 1550 851 1614 sceleris
875 1561 1167 1634 praesumptuosam
1188 1559 1222 1613 et
1246 1550 1333 1634 plec-

277 1652 402 1716 tibilem
430 1652 604 1728 audaciam,
633 1653 741 1716 debita
771 1652 1043 1715 animadversione
1071 1653 1241 1716 decernere
1272 1651 1333 1713 im-

275 1754 405 1838 perialis
427 1754 597 1818 solicitudo
622 1776 680 1817 nos
703 1755 865 1817 admonet.
909 1753 1130 1819 Quamobrem
1152 1753 1215 1817 nisi
1239 1774 1332 1816 occu·

275 1864 384 1939 patam
406 1866 522 1918 terram
545 1854 696 1939 [Judaeae,
719 1855 883 1932 Samariae,
899 1867 934 1919 et
956 1855 1193 1919 Palestinorum
1204 1853 1231 1938 8]
1258 1866 1333 1918 ante

277 1957 383 2019 omnia
413 1957 574 2033 restituas,
602 1957 752 2040 adjuncta
788 1956 1014 2034 satisfactione,
1049 1956 1144 2020 sacris
1178 1957 1332 2021 constitu-

277 2057 421 2121 tionibus
448 2079 508 2141 pro
538 2067 604 2120 tam
632 2057 763 2121 nefariis
792 2057 977 2121 excessibus
1005 2068 1127 2136 taxata,
1154 2081 1195 2122 ne
1226 2059 1332 2122 minus

275 2157 458 2241 legitimum
479 2158 601 2223 bellum
624 2181 735 2242 gerere
755 2147 931 2237 videamur,
949 2182 968 2223 a
990 2159 1095 2244 capite
1119 2159 1332 2223 Calendarum

277 2258 479 2338 Novembris,
495 2259 593 2344 [anno
605 2259 1027 2324 IncarnationisDominicae
1044 2259 1329 2343 u.c.nxxx.vnr,³]

276 2361 404 2424 evoluto
424 2361 501 2424 anni
524 2362 639 2447 spatio,
653 2362 834 2426 terminum
844 2361 1079 2446 praestituimus
1100 2362 1141 2425 ad
1163 2361 1333 2445 experien-

278 2464 351 2526 dam
372 2463 450 2527 belli
472 2463 646 2542 fortunam,
669 2464 703 2527 in
726 2486 838 2548 campo
855 2463 992 2539 Taneos,
1014 2464 1048 2526 iu
1063 2463 1182 2528 virtute
1198 2463 1330 2527 vivificae

276 2564 390 2640 crucis,
418 2576 451 2628 et
475 2564 510 2628 iu
535 2566 663 2628 nomine
689 2565 755 2629 veri
783 2565 915 2648 Joseph.
960 2564 1029 2629 Vix
1058 2565 1144 2628 enirn
1173 2565 1332 2628 credimus

275 2665 336 2728 hoc
356 2676 388 2729 te
410 2666 520 2743 latere,
544 2667 632 2750 quod
653 2688 696 2729 ex
717 2665 883 2750 scripturis
898 2675 1054 2742 veterum,
1071 2676 1105 2729 et
1125 2688 1168 2730 ex
1189 2666 1331 2749 antiquis

275 2767 416 2832 historiis
430 2769 532 2831 nostri
548 2767 701 2851 temporis
713 2767 791 2830 facti
803 2766 979 2830 novitatem
992 2767 1126 2833 redolet.
1171 2767 1332 2852 Nunquid

276 2870 355 2933 scire
376 2870 556 2932 dissimulas
573 2869 681 2932 ambas
696 2869 890 2953 AEthiopias,
911 2868 1153 2947 Mauritaniam,
1177 2868 1330 2957 Persiam,

276 2969 414 3054 Syriam,
432 2971 605 3046 Parthiam,
622 2969 680 3032 ubi
701 2970 806 3033 Marci
827 2969 932 3033 Crassi
954 2970 1057 3035 nostri
1079 2971 1243 3034 dictatoris
1264 2971 1332 3034 fata

275 3081 352 3134 sunt
377 3081 614 3155 praematurata,
637 3071 796 3147 Judaeam,
823 3070 998 3134 Samariam
1020 3073 1222 3150 maritimam,
1249 3072 1332 3135 Ara·

276 3171 375 3249 biam,
401 3171 597 3248 Chaldaeam,
628 3172 730 3255 ipsam
767 3193 897 3255 quoque
927 3172 1121 3255 AEgyptum,
1149 3175 1218 3250 ubi,
1250 3174 1332 3259 proh

276 3374 374 3450 ditus,
400 3373 481 3437 citra
509 3373 648 3437 nitorem
680 3371 913 3456 temperantiae,
944 3394 1034 3436 secus
1063 3396 1160 3458 quarn
1199 3377 1332 3439 decebat

275 3479 412 3543 militem
437 3503 456 3544 a
481 3490 572 3543 tanto
595 3501 704 3542 rerum
729 3478 869 3542 culmine
895 3479 1056 3557 emissum,
1082 3481 1188 3544 minus
1217 3481 1331 3544 sobriis

276 3581 456 3665 Cleopatrae
485 3580 679 3644 inserviebat
707 3580 894 3644 amoribus?
937 3579 1098 3665 Nunquid
1127 3582 1223 3644 etiam
1248 3581 1330 3643 scire

274 3683 452 3746 dissimulas
474 3681 672 3759 Armeniam,
693 3692 727 3746 et
752 3682 829 3746 alias
856 3692 956 3747 terras
983 3682 1233 3747 innumerabiles
1257 3705 1331 3746 nos·

273 3794 332 3848 trae
349 3784 466 3848 ditioni
481 3784 668 3868 subjectas?

316 3886 481 3949 “Norunt
499 3885 560 3948 hoc
577 3907 680 3968 reges,
697 3907 834 3968 quorum
852 3907 963 3947 cruore
985 3885 1085 3969 gladii
1100 3885 1241 3950 Romani
1262 3909 1328 3950 cre-

272 3988 363 4052 brius
391 3997 468 4049 sunt
492 3987 664 4062 inebriati3
690 3996 723 4049 et
748 3995 786 4048 tu
816 3986 946 4069 quidem
969 3985 1004 4048 in
1034 3987 1103 4076 ipsa
1134 4010 1242 4050 rerum
1271 4009 1329 4050 ex·

310 4121 317 4150 ¹
340 4119 470 4178 Quondam
478 4117 572 4171 illustri
579 4117 687 4188 exemplo
696 4117 777 4172 Phor.
826 4102 1023 4184 Palestinorum,
1036 4117 1144 4170 omitted
1156 4118 1191 4188 by
1201 4118 1327 4171 Batonius

266 4190 366 4258 sugere
378 4188 503 4255 Israelem,
516 4187 618 4241 Diceto.
826 4185 876 4238 and
891 4186 1024 4240 Hoveden.

861 4255 1006 4308 ⁸0mined
1045 4257 1072 4308 in
1103 4257 1172 4324 MS,
1207 4256 1326 4309 Martene

310 4328 320 4357 ²
341 4327 371 4379 ln
395 4327 503 4397 preside
527 4326 633 4393 Judaeae,
655 4326 777 4378 Samaria
826 4324 877 4377 aud
891 4324 992 4378 Diceto.
