3000 5040
250 460 291 524 62
555 470 739 522 erasinus
764 467 990 520 oanaarnsrs

250 622 301 686 Eo
315 630 424 684 autem
438 618 595 683 curiosius
615 617 819 683 altitudinem
834 628 923 682 tuam
940 618 974 680 in
991 626 1079 680 tanta
1093 615 1305 700 oppressionis

250 722 399 807 angustia
421 720 570 786 convenit
591 720 747 797 laborare,
772 719 861 803 quod
885 729 1001 783 terram
1025 719 1127 802 ipsam
1149 718 1234 802 regis
1257 719 1306 780 in·

251 823 369 906 telligis
391 821 544 907 praesidio
566 821 767 898 destitutam,
781 831 823 885 et.
838 829 938 884 totam
960 841 1048 905 spem
1063 841 1131 882 suae
1146 818 1305 882 defensio-

251 926 301 989 nis
323 923 426 1008 ipsius
448 945 596 1009 proceres
617 923 652 987 in
667 933 735 986 tuae
751 921 984 1005 magnitudinis
1012 921 1178 983 duxerunt
1197 929 1306 1004 patro-

252 1027 338 1091 cinio
352 1025 577 1090 collocandam.
623 1023 722 1091 Quod
738 1024 813 1103 inde
829 1023 945 1087 clarius
960 1038 1018 1085 tua
1031 1022 1184 1086 serenitas
1197 1030 1306 1105 potest

251 1149 431 1213 agnoscere,
448 1126 525 1211 quia
546 1147 687 1190 summos
708 1134 809 1189 terrae.
826 1124 915 1188 illius
940 1134 974 1188 et
996 1123 1181 1207 magnificos
1196 1122 1305 1186 defen-

250 1252 349 1308 sores,
373 1229 589 1294 venerabilem
615 1227 749 1292 fratrem
778 1237 926 1291 nostrum
948 1225 1148 1290 Heraelium.
1166 1225 1306 1289 Patriar-

251 1332 355 1407 cham‚
378 1341 412 1394 et
434 1330 588 1395 dilectum
608 1329 714 1393 filium
739 1338 886 1393 nostrum
908 1326 1103 1412 Magistrum
1127 1325 1307 1411 Hospitalis

251 1432 292 1495 ad
320 1441 410 1495 tuam
436 1430 661 1494 excellentiam
686 1430 898 1508 destinarunt,
925 1441 973 1493 ut·
986 1452 1033 1494 ex
1053 1430 1196 1514 ipsorum
1223 1452 1307 1514 prae·

252 1533 354 1596 sentia
389 1532 587 1596 considerata
619 1532 776 1616 dignitate
809 1531 1034 1616 perpenderes,
1059 1542 1180 1616 quanta
1210 1530 1309 1595 fuerit

252 1633 449 1697 necessitatis
475 1633 633 1717 angustia,
655 1656 725 1718 pro
741 1656 806 1717 qua
835 1655 946 1696 eorum
972 1633 1132 1697 sustinent
1158 1644 1224 1696 tam
1250 1633 1307 1696 diu

253 1757 359 1799 carere
381 1735 542 1820 praesidio,
567 1745 605 1798 ut
626 1757 686 1820 per
712 1735 799 1820 ipsos
823 1735 950 1799 facilius
972 1735 1014 1798 ad
1035 1747 1109 1798 vota
1135 1757 1193 1798 sua
1218 1745 1308 1798 tuam

253 1837 456 1901 devotionem
488 1835 653 1901 inclinent.
712 1836 809 1902 Viros
836 1836 938 1920 igitur
964 1835 1126 1920 praefatos,
1154 1846 1307 1919 tanquam

253 1938 294 2001 ab
309 1938 379 2022 ipso
394 1937 535 2001 Domino
550 1937 610 2001 tibi
625 1937 801 2003 destinatos
822 1937 961 2021 benigne
982 1936 1135 2020 suscipias
1150 1947 1184 2000 et
1196 1937 1307 2000 debita

254 2039 406 2103 charitate
415 2048 601 2123 pertractes,
611 2062 787 2124 eorumque
797 2037 1068 2123 postulationibus
1081 2047 1171 2100 tanto
1180 2037 1306 2102 facilius

253 2141 446 2225 acquiescas,
459 2151 580 2226 quanto
592 2163 660 2205 suae
669 2141 834 2225 gravitatis
845 2150 879 2204 et
892 2139 1067 2204 honestatis
1079 2139 1203 2203 intuitu
1217 2140 1307 2203 favor

253 2252 303 2307 est
317 2243 363 2307 eis
387 2255 422 2308 et
435 2244 539 2329 gratia
557 2245 750 2309 exhibenda.
796 2242 880 2307 Sane
901 2242 1022 2306 recolat
1045 2241 1217 2326 prudentia
1239 2253 1306 2319 tua,

253 2354 287 2409 et
311 2344 447 2409 sollicita
475 2366 649 2430 securaque
670 2345 879 2408 meditatione
900 2344 1042 2409 revolvat
1064 2344 1307 2429 promissionem

252 2448 351 2525 illam,
367 2469 432 2532 qua
446 2449 485 2513 de
499 2449 713 2534 impendendo
728 2446 912 2534 saepedictae
932 2458 1028 2512 terrae
1050 2448 1203 2533 praesidio
1217 2459 1306 2513 tuam

254 2549 477 2614 celsitudinem
500 2550 672 2634 obligasti3
696 2560 730 2615 et
752 2551 798 2615 ita
820 2551 857 2614 in
877 2551 937 2614 hac
957 2560 1050 2635 parte
1070 2561 1104 2614 te
1125 2561 1256 2615 cautum
1272 2560 1306 2614 et

253 2651 433 2715 studiosum
458 2651 623 2731 exhibeas,
645 2663 684 2717 ut
707 2664 740 2716 te
761 2653 796 2716 in
819 2652 986 2716 tremendo
1004 2651 1128 2738 judicio
1151 2662 1208 2716 tua
1230 2675 1306 2716 con·

254 2753 388 2818 scientia
402 2775 467 2817 non
491 2765 637 2832 accuset3
669 2765 703 2818 et
728 2755 812 2840 Ejus
838 2755 895 2839 qui
920 2776 986 2818 non
1011 2754 1144 2831 fallitur,
1172 2755 1307 2819 districti

254 2853 378 2919 Judicis
393 2854 603 2940 interrogatio
617 2879 683 2920 non
699 2856 926 2920 condemnet.·”·
946 2885 952 2889 ·

299 2955 429 3021 Quibus
455 2956 502 3018 ita
525 2957 661 3039 patratis
688 2956 783 3020 solita
806 2979 872 3040 qua
892 2977 968 3040 erga
988 2956 1111 3039 legatos
1136 2966 1306 3021 extraneos

255 3076 380 3138 semper
408 3056 611 3133 urbanitate¹
637 3057 841 3140 praecellebat
865 3056 952 3134 Rex,
983 3055 1210 3134 Patriarcham,
1233 3080 1308 3121 cum

254 3177 370 3238 magno
409 3155 494 3219 siout
522 3154 656 3219 decebat
694 3150 826 3233 honore,
856 3157 1017 3241 suscepit:
1055 3180 1307 3243 responsumque

255 3279 351 3321 suum
377 3277 480 3338 usque
502 3255 687 3320 Londonias
718 3250 806 3340 quod
832 3268 931 3342 caput
960 3267 1009 3322 est
1042 3259 1144 3342 regni,
1174 3272 1306 3346 propter

257 3359 346 3442 quod
376 3368 411 3421 et
439 3357 517 3421 illuc
540 3356 719 3422 'concilium
747 3359 867 3443 grande
896 3360 988 3443 regni
1015 3361 1116 3425 totius
1141 3363 1307 3426 convocari

252 3460 362 3546 jussit,
380 3481 423 3523 ex
437 3459 599 3525 industria
612 3461 876 3545 proterminavit..

298 3562 353 3626 2Ο
369 3570 491 3646 quanta
511 3570 578 3625 tam
600 3561 702 3648 Regis
717 3583 815 3647 quam
828 3563 920 3648 regni
938 3563 1050 3648 gloria,
1072 3565 1161 3648 quod
1173 3575 1307 3650 praeter-

255 3663 358 3727 missis
370 3673 403 3727 et
411 3663 586 3747 praeteritis
596 3673 663 3728 tam
673 3660 926 3750 Imperatoribus
935 3656 1033 3749 quam
1040 3678 1198 3732 terrarum
1207 3667 1308 3754 Regi-

255 3766 317 3829 bus
331 3775 365 3830 et
380 3762 585 3850 Principibus
602 3767 735 3844 cunctis,
751 3775 905 3850 tanquam
926 3766 961 3830 in
982 3769 1096 3833 mundi
1116 3770 1222 3835 medio
1243 3793 1308 3834 non

255 3869 451 3932 fueritlocus
461 3869 537 3932 huic
551 3869 703 3946 remedio,
714 3869 749 3932 in
762 3869 849 3935 hunc
862 3871 991 3937 finalem
1002 3873 1088 3937 orbis
1099 3874 1263 3957 angulum,
1275 3884 1309 3938 et

256 3971 349 4054 quasi
360 3971 490 4034 secretis
501 3971 695 4054 quibusdam
708 3972 818 4035 oceani
833 3973 1008 4038 secessibus
1018 3976 1133 4040 orbem
1147 3977 1308 4054 alterum,³

256 4072 297 4136 ad
311 4077 410 4134 tantae
426 4071 645 4136 subventionis
657 4072 780 4142 auxilia
793 4074 984 4158 requirenda
997 4078 1203 4160 pervenitur!

294 4203 301 4233 ¹
326 4203 478 4273 Urbolitate,
491 4205 549 4258 MS.
845 4207 856 4238 ³
872 4207 1041 4278 Alterutrum,
1055 4209 1113 4265 Ma.

262 4328 264 4332 .
296 4273 361 4328 'Oi
376 4273 484 4328 Hibern,
497 4275 617 4346 Expugn.
630 4274 665 4330 ib.
