3000 5040
436 543 486 594 DE
510 542 779 595 INSTRUOE'IONE
805 543 1019 596 PRINCIPUM.
1191 533 1252 595 151

201 692 303 768 Deus,
318 691 363 756 sic
377 703 411 757 et
431 693 516 758 mala
529 714 761 778 nonnunquam
784 693 870 756 idem
885 692 972 777 quod
988 690 1089 755 Deus.
1136 690 1254 757 Nonne

200 794 302 877 igitur
317 795 409 878 quasi
424 796 465 858 de
482 817 520 859 eo
535 795 691 880 seriptum
712 795 747 857 in
771 794 898 858 Psalmo
911 793 1057 857 videtur:
1081 793 1255 858 Minorasti

199 896 263 959 dier
290 899 438 981 temporis
466 897 543 981 ejnn
560 897 735 981 perfudisti
756 919 825 960 enm
846 896 1034 978 confusione.
1079 894 1126 958 Et
1154 895 1252 960 alibi:

206 997 276 1060 Viri
301 998 486 1081 sanpninnrn
514 1008 545 1062 et
567 997 664 1061 dolosi
685 1021 746 1062 non
768 998 976 1061 dimidiabant
997 997 1063 1060 dies
1084 1017 1163 1059 snos.
1208 997 1256 1061 Et

197 1099 299 1162 illud:
337 1099 416 1163 Noti
443 1099 586 1162 emulari
622 1101 656 1162 ira
690 1099 941 1183 malipnantibas,
981 1119 1079 1182 neque
1108 1097 1255 1162 zelaveris

190 1202 349 1282 facientes
363 1201 572 1285 iniquitaten.
622 1197 776 1269 Quoniam
799 1208 951 1284 tanquam
965 1199 1083 1280 fenam
1107 1199 1255 1263 velociter

199 1312 350 1379 aresceret,
375 1311 406 1366 et
429 1302 679 1387 quemadmodum
704 1301 792 1364 olera
819 1301 983 1364 herbarum
1008 1301 1070 1364 cito
1099 1301 1252 1364 decident.

200 1403 246 1466 Et
270 1403 371 1467 illud:
401 1404 474 1467 Vidi
503 1405 604 1487 ipsam
630 1401 900 1487 superexaltatam
929 1411 959 1465 et
994 1402 1146 1465 elevatam
1173 1404 1255 1465 sicat

198 1505 304 1568 cedros
319 1504 449 1568 Libani.
493 1505 542 1568 Et
557 1506 699 1581 transivi,
716 1513 748 1566 et
764 1525 835 1566 ecce
852 1525 912 1566 non
926 1512 1007 1581 erat,
1023 1512 1126 1566 atron
1141 1511 1188 1565 est
1207 1505 1255 1565 in-

198 1615 307 1668 oentns
321 1606 405 1669 loom
420 1606 495 1688 ejas.
540 1605 587 1669 Et
601 1606 700 1669 illud:
728 1606 758 1668 V
754 1607 836 1668 irum
857 1606 1007 1688 injustam
1021 1604 1106 1667 mala
1128 1605 1255 1688 capient

199 1708 232 1769 in
241 1709 382 1771 interitu.
428 1707 513 1771 Item
528 1718 561 1770 et
574 1708 609 1771 id
622 1706 644 1771 J
645 1707 772 1771 eremiae
784 1730 791 1770 :
817 1706 976 1770 Clamavit
984 1707 1113 1790 perdire,
1130 1727 1256 1789 conpre-

194 1811 297 1893 paoit,
313 1818 344 1872 et
358 1810 445 1890 sevit
459 1809 541 1893 qnod
553 1831 613 1872 non
629 1810 759 1892 peperit
771 1834 779 1886 3
792 1809 878 1891 fecit
891 1808 1032 1884 divitias,
1047 1817 1078 1870 et
1103 1829 1164 1870 non
1186 1827 1255 1869 eum

190 1911 326 1992 jndicio.
376 1911 419 1973 In
442 1911 571 1974 dimidio
593 1910 714 1972 diernrn
738 1910 803 1992 ejas
826 1908 1042 1992 derelinquent
1067 1929 1134 1971 eam
1163 1916 1194 1970 et
1220 1909 1255 1969 in

197 2012 680 2095 novissimissniseritinsrpiens.
712 2009 808 2074 Unde
819 2010 997 2093 Gregorius
1006 2009 1041 2071 in
1051 2008 1252 2072 Moralibus:

198 2117 220 2148 “
234 2112 395 2176 Ordinans
408 2135 467 2176 nos
483 2113 585 2189 Deus,
597 2113 696 2197 juxta
709 2111 824 2174 merita
838 2109 1038 2193 singulorum
1047 2109 1206 2194 disposuit
1220 2118 1255 2172 et

197 2214 382 2278 terminum.
411 2213 460 2277 Ut
474 2213 524 2278 vel
535 2213 638 2277 malus
652 2212 791 2276 breviter
804 2211 901 2287 vivat,
911 2234 952 2274 ne
966 2211 1115 2296 pluribus
1128 2221 1252 2287 noceat,

197 2314 249 2379 vel
263 2315 368 2378 bonus
379 2314 502 2378 diutius
512 2314 608 2390 vivat,
620 2323 658 2377 ut
671 2312 819 2397 pluribus
832 2312 952 2396 prosit,
968 2312 1019 2375 vel
1030 2333 1141 2375 rursus
1151 2313 1254 2376 malus

199 2415 334 2493 diutius,
349 2426 388 2479 ut
412 2415 495 2478 mala
509 2424 625 2498 augeat
651 2414 769 2498 quibus
783 2413 861 2476 boni
874 2413 1063 2496 probentur,
1077 2413 1129 2477 vel
1148 2413 1254 2477 bonus

198 2517 295 2580 citius
317 2516 535 2593 subtrahatur,
550 2537 601 2592 ne,
617 2515 645 2578 si
667 2513 900 2598 diutiiavivat,
916 2514 1039 2578 malitia
1060 2525 1253 2599 corrumpat.

196 2618 244 2683 Et
257 2628 402 2683 mutatur
416 2618 576 2683 sententia
590 2615 665 2694 Dei,
680 2617 736 2680 sed
751 2638 817 2679 non
831 2615 999 2680 consilium
1011 2617 1200 2681 aeternum.”

594 2820 674 2884 Cre.
700 2818 859 2884 XXVII.

199 2973 251 3035 De
274 2971 393 3056 oripine
408 2979 472 3033 tani
496 2971 596 3054 Rapis
622 2967 758 3033 Henriei
780 2991 873 3054 qnam
892 2967 1049 3033 Alienorce
1066 2969 1197 3054 Rapina
1220 2980 1252 3034 et

398 3071 507 3135 radice
517 3071 662 3154 fitiorum
677 3071 758 3134 omni
772 3093 812 3135 ecc
819 3079 918 3154 parte
932 3071 1056 3135 vitiosa.

241 3223 297 3288 Ur
320 3233 429 3286 autem
453 3233 518 3286 tam
540 3221 640 3306 patris
663 3243 760 3305 quam
786 3220 927 3284 filiorum
956 3221 1065 3286 exitus
1093 3221 1251 3287 infaustos
1264 3254 1360 3295 mm,

197 3324 304 3390 minus
326 3327 366 3389 de
389 3335 496 3389 cetero
521 3323 622 3388 lector
648 3324 829 3407 obstupeat,
845 3323 885 3387 de
910 3322 1032 3406 origine
1057 3324 1200 3408 ipsorum
1218 3304 1391 3407 etssffissffd

122 3493 124 3496 ,
197 3427 372 3512 propagine
401 3427 551 3510 quaedam
580 3436 613 3489 et
641 3425 694 3487 hic
734 3447 895 3508 apponere
926 3425 1058 3507 dignum
1088 3426 1251 3490 duximus.

199 3529 296 3592 Pater
316 3528 426 3611 itaque
453 3527 591 3611 Reginae
616 3525 792 3601 Alienorae,
820 3524 934 3588 Comes
957 3526 1163 3603 Pictavensis‚
1194 3527 1253 3609 qui

197 3650 333 3691 uxorem
348 3626 558 3692 Vicecomitis
573 3627 611 3688 de
626 3624 929 3702 Castello-Haroldi,
945 3625 1084 3688 hominis
1099 3627 1160 3703 sui,
1176 3648 1251 3709 quae

199 3726 407 3792 Mauberium
423 3726 509 3791 dicta
524 3726 601 3802 fuit,
612 3725 644 3788 vi
658 3725 776 3809 rapuit,
791 3737 824 3788 et
838 3725 977 3788 abduxit
991 3736 1024 3789 et
1039 3727 1078 3790 de
1090 3727 1175 3791 facto
1191 3728 1252 3792 sibi

196 3831 230 3894 in
245 3831 415 3915 conjugem
430 3829 550 3892 duxit.¹
594 3827 656 3892 Vir
670 3837 779 3890 autem
794 3826 899 3890 bonus
910 3838 944 3891 et
955 3839 1083 3893 sanctus
1097 3829 1253 3893 heremita

197 3933 338 4018 quidam,
362 3931 487 4007 missus,
501 3941 540 3994 ut
562 3929 760 4005 credebatur,
775 3952 794 3992 a
808 3926 961 4008 Domino,
977 3931 1129 3995 accedens
1144 3931 1253 3995 statim

195 4035 236 4098 ad
263 4035 370 4119 ipsum
395 4031 561 4118 prohibuit
584 4053 627 4093 ex
651 4040 742 4113 parte
767 4030 841 4106 Dei,
867 4053 901 4093 se
924 4032 1075 4096 nuntium
1097 4033 1138 4096 ad
1159 4033 1253 4096 hoca

233 4209 317 4261 ¹The
342 4207 475 4278 depravity
499 4206 528 4258 of
558 4205 610 4257 this
640 4203 701 4256 Earl
751 4213 819 4256 rates
832 4203 884 4256 this
901 4205 1087 4260 circumstance
1107 4215 1135 4258 at
1155 4217 1254 4277 greater

193 4279 308 4346 justifies
320 4296 367 4330 our
383 4276 499 4330 author's
511 4275 619 4328 remark.
653 4275 702 4326 See
751 4273 851 4342 length.

197 4348 317 4401 William
331 4348 361 4400 oi
375 4346 563 4414 Malmesbury,
575 4344 633 4396 who
646 4362 703 4398 nar-
