3000 5040
432 496 481 546 rm
506 491 771 545 msraucmour
796 492 1010 545 rnrucrrun.
1182 477 1244 540 105

190 658 346 733 tempora,
362 646 425 711 sibi
440 658 683 731 contemperans
699 654 732 708 et
751 667 876 730 semper
891 643 1089 707 successibus
1114 641 1247 706 instans,

192 749 364 832 Caesarque
390 749 561 826 secundus
580 748 627 812 nil
650 748 781 812 credens
807 756 916 809 actum
939 769 1013 808 cum
1034 745 1115 829 quid
1137 767 1248 830 super-

191 860 274 915 esset
299 850 469 934 agendum,
489 851 653 933 rebusque
678 849 713 911 in
735 848 859 911 bellicis
880 847 1076 911 furibundus
1095 846 1129 909 in
1151 869 1247 923 arma,

195 951 267 1036 [nec
282 952 364 1014 ullas
374 950 399 1034 ¹]
417 951 480 1014 nisi
491 951 645 1035 sanguine
660 950 732 1013 fuso
741 950 883 1034 gaudens
895 949 1043 1012 incedere
1053 948 1140 1024 vias3
1156 950 1249 1033 cujus

193 1075 322 1138 quoque
335 1075 394 1116 nec
403 1063 570 1138 praerupta
584 1052 744 1115 montium
752 1052 863 1128 latera,
877 1074 936 1114 nec
948 1074 1051 1114 aereae
1066 1062 1171 1114 turres
1180 1060 1249 1114 arte

195 1155 325 1239 situque
339 1155 494 1219 hactenus
509 1153 779 1239 inexpugnabiles
793 1163 859 1216 tam
874 1152 1060 1216 artificiosos
1076 1174 1176 1235 quam⁴
1186 1151 1250 1214 vir·

195 1266 316 1334 tuosos,
331 1278 418 1319 nunc
440 1256 556 1319 arduos
579 1264 612 1318 et
635 1253 798 1328 sublimes,
815 1275 900 1315 nunc
916 1253 1101 1316 subitaneos
1115 1250 1250 1314 animosi

193 1357 491 1444 pectorisimpetus,
503 1355 853 1443 praevalent-impedire.
886 1352 949 1418 Sed
963 1354 1115 1438 quoniam
1126 1375 1250 1436 semper

193 1460 278 1524 mala
303 1469 379 1522 sunt
390 1457 495 1522 vicina
516 1458 621 1534 bonis,
638 1479 743 1521 errore
768 1457 828 1519 sub
856 1455 936 1541 ipso,
957 1478 1017 1538 pro
1038 1455 1117 1518 vitio
1138 1454 1250 1531 virtue,

194 1561 328 1624 crimina
342 1582 428 1644 saepe
448 1559 536 1636 tulit,
551 1559 639 1643 pacis
660 1568 693 1621 et
710 1558 849 1642 justitiae
865 1557 936 1620 zelo
960 1557 1135 1634 deferrem,
1158 1568 1197 1620 ut
1217 1555 1251 1619 in

194 1661 307 1746 primis
333 1661 438 1745 gentis
464 1658 632 1723 indomitae
659 1660 848 1743 reprimeret
877 1658 1052 1737 audaciam,
1082 1669 1252 1742 tutamque

195 1763 280 1826 inter
295 1771 446 1825 nocentes
460 1761 610 1824 redderet
624 1761 852 1838 innocentiam,
867 1759 902 1822 in
923 1761 1006 1824 male
1020 1761 1151 1824 meritos
1169 1759 1252 1844 juris

193 1864 298 1947 rigore
314 1864 509 1944 desaeviens3
525 1863 611 1926 unde
629 1885 696 1925 non
717 1861 850 1947 indigne
865 1862 994 1926 laudem
1018 1885 1037 1926 a
1059 1863 1163 1948 dignis
1176 1885 1251 1947 pro·

192 1965 310 2029 mereri
337 1966 502 2042 debuerat,
518 1965 689 2029 lividorum
712 1965 882 2028 latratibus
906 1966 1008 2050 coepit
1030 1965 1064 2028 in
1087 1987 1254 2029 commune

194 2068 383 2132 crudelitate
408 2069 530 2146 notari3
559 2091 656 2152 quam
684 2069 816 2152 quidem
837 2079 870 2133 et
892 2060 938 2132 ob¹
959 2069 1020 2132 hoc
1040 2079 1164 2133 constat
1185 2069 1252 2131 sine

196 2193 290 2234 causa
304 2180 411 2235 notam
428 2171 608 2246 incurrisse,
627 2171 725 2254 quod,
738 2169 954 2233 residentibus
963 2170 1127 2254 paulisper
1138 2167 1254 2244 causis,

195 2271 475 2336 mansuetudinem
510 2271 649 2334 induens
684 2281 717 2334 et
753 2271 964 2346 clementiam,
995 2271 1075 2333 citra
1109 2269 1250 2353 rigidum

194 2374 354 2456 longeque
379 2382 466 2435 trans
489 2372 667 2449 remissum,
684 2371 724 2434 ad
749 2375 882 2434 aureum
905 2371 989 2457 illud
1010 2371 1152 2433 medium
1166 2389 1256 2436 acce·

197 2475 286 2549 dens,
299 2472 454 2557 paulatim
468 2472 555 2556 rigor
570 2472 626 2534 ille
640 2473 768 2536 resedit.

147 2651 152 2657 ι
241 2574 415 2651 Praeterea,
432 2574 489 2658 qui
504 2573 643 2636 contulit
656 2583 814 2651 naturam,
831 2575 969 2657 contulit
983 2585 1016 2639 et
1039 2584 1165 2640 naturae
1181 2598 1252 2660 pas·

197 2675 330 2738 sionem.
384 2675 438 2738 Ad
474 2674 694 2758 reprimendos
716 2685 868 2760 'namque
904 2677 1116 2740 ferocissimos
1152 2677 1250 2740 animi

197 2777 299 2861 ipsius
313 2786 420 2840 motus
434 2776 486 2839 hic
496 2776 547 2838 leo
556 2787 674 2853 noster,
686 2777 858 2861 plusquam
871 2777 933 2855 leo,
945 2788 1109 2862 quartanae
1121 2778 1250 2842 stimulo

197 2877 326 2941 leonino
351 2887 611 2954 morevexatur,
635 2900 700 2962 quo
726 2879 771 2941 sic
794 2879 946 2943 continue
970 2881 1038 2944 fere
1060 2879 1170 2943 tremit
1191 2902 1251 2944 nec

198 2978 348 3062 trepidat,
363 2987 402 3041 ut
424 2987 458 3042 et
481 2978 532 3041 sui
557 2988 694 3042 tremore
720 2980 876 3044 mundum
904 2980 1087 3045 universum
1114 2991 1250 3044 tremere

198 3079 295 3143 faciat
310 3091 343 3144 et
357 3080 481 3144 timere.

241 3181 332 3245 Inter
345 3181 446 3245 varias
467 3181 567 3266 igitur
590 3183 708 3268 quibus
727 3185 917 3270 praeeminet
940 3187 1075 3251 virtutes
1096 3187 1251 3272 peculiari

197 3283 334 3366 quadam
355 3284 578 3368 praerogativa,
601 3285 686 3348 trina
707 3286 793 3350 hunc
808 3287 945 3372 insignia
958 3289 1250 3374 incomparabiliter

197 3386 337 3448 reddunt
351 3386 526 3452 illustrem:
551 3388 721 3453 strenuitas
736 3399 768 3453 et
791 3390 973 3455 animositas
996 3393 1125 3469 eximia,
1143 3393 1251 3477 [largi-

200 3485 275 3569 tae]
302 3497 336 3550 et
356 3487 519 3571 dapsilitas
533 3487 697 3566 immensa,
712 3494 858 3574 semper³
872 3492 1041 3555 laudabilis
1056 3494 1090 3555 in
1104 3495 1250 3578 principe

197 3597 383 3670 ceterasque
398 3588 554 3650 adornans
568 3588 714 3666 virtutes,
731 3599 797 3652 tam
814 3591 912 3653 animi
928 3615 1026 3674 quam
1047 3593 1136 3656 verbi
1158 3594 1250 3656 firma

199 3687 387 3751 constantia.
417 3687 464 3750 Et
473 3697 512 3750 ut
525 3688 614 3752 brevi
630 3689 760 3773 eloquio
773 3689 877 3754 laudis
888 3692 928 3755 ad
940 3693 1104 3756 cumulum
1119 3692 1248 3777 [multa]

198 3788 395 3866 concludam,
415 3787 543 3872 egregio
570 3789 663 3852 fratri
689 3789 756 3852 sola
780 3800 829 3854 est
858 3801 954 3856 aetate
979 3803 1013 3856 et
1039 3816 1105 3857 non
1131 3795 1250 3858 virtute

199 3891 367 3955 secundus.

242 3992 385 4056 Diversis
413 3992 514 4076 igitur
543 4003 609 4055 tam
638 3994 781 4058 moribus
810 4017 906 4079 quam
935 3997 1050 4061 studiis
1073 3998 1250 4085 eodemque

197 4095 303 4166 radice
331 4095 395 4157 duo
418 4117 490 4157 cum
510 4094 641 4172 fuerint,
665 4108 831 4180 perpetuae
853 4109 959 4162 tamen
981 4099 1085 4164 laudis
1105 4100 1250 4186 gloriam,

234 4283 242 4316 ¹
262 4283 322 4338 Om.
335 4284 392 4338 MS.
571 4291 581 4320 ²
599 4286 658 4339 Om.
672 4286 730 4340 MS.
898 4290 917 4320 ·³
935 4289 1021 4360 Super,
1032 4291 1090 4345 MS.
1103 4302 1129 4344 et
1142 4291 1183 4344 ed.
