<?xml version="1.0" encoding="UTF-8"?>
<!DOCTYPE html PUBLIC "-//W3C//DTD XHTML 1.0 Transitional//EN"
    "http://www.w3.org/TR/xhtml1/DTD/xhtml1-transitional.dtd">
<html xmlns="http://www.w3.org/1999/xhtml" xml:lang="en" lang="en">
 <head>
  <title>
</title>
<meta http-equiv="Content-Type" content="text/html;charset=utf-8" />
  <meta name='ocr-system' content='tesseract 3.04.00' />
  <meta name='ocr-capabilities' content='ocr_page ocr_carea ocr_par ocr_line ocrx_word'/>
</head>
<body>
  <div class='ocr_page' id='page_1' title='image "./giralduscambren00giragoog_0231.png"; bbox 0 0 3000 5040; ppageno 0'>
   <div class='ocr_carea' id='block_1_1' title="bbox 287 468 1336 561">
    <p class='ocr_par' dir='ltr' id='par_1_1' title="bbox 287 468 1336 561">
     <span class='ocr_line' id='line_1_1' title="bbox 287 468 1336 561; baseline 0.003 -24"><span class='ocrx_word' id='word_1_1' title='bbox 287 475 350 544; x_wconf 86' lang='lat'>190</span> <span class='ocrx_word' id='word_1_2' title='bbox 591 489 774 540; x_wconf 71' lang='lat' dir='ltr'>erasinus</span> <span class='ocrx_word' id='word_1_3' title='bbox 799 488 1025 540; x_wconf 68' lang='lat' dir='ltr'>canaamsrs</span> <span class='ocrx_word' id='word_1_4' title='bbox 1104 495 1108 500; x_wconf 94' lang='lat'>·</span> <span class='ocrx_word' id='word_1_5' title='bbox 1225 468 1336 561; x_wconf 56' lang='lat' dir='ltr'>[sart</span> 
     </span>
    </p>
   </div>
   <div class='ocr_carea' id='block_1_2' title="bbox 285 637 1336 928">
    <p class='ocr_par' dir='ltr' id='par_1_2' title="bbox 285 637 1336 928">
     <span class='ocr_line' id='line_1_2' title="bbox 285 637 1335 723; baseline 0.004 -24"><span class='ocrx_word' id='word_1_6' title='bbox 285 637 319 700; x_wconf 93' lang='lat' dir='ltr'>in</span> <span class='ocrx_word' id='word_1_7' title='bbox 334 649 477 722; x_wconf 90' lang='lat' dir='ltr'>tempore</span> <span class='ocrx_word' id='word_1_8' title='bbox 488 648 588 703; x_wconf 89' lang='lat' dir='ltr'>tantae</span> <span class='ocrx_word' id='word_1_9' title='bbox 600 638 818 723; x_wconf 87' lang='lat' dir='ltr'>praedictionis</span> <span class='ocrx_word' id='word_1_10' title='bbox 833 637 1048 703; x_wconf 86' lang='lat' dir='ltr'>emolumenta</span> <span class='ocrx_word' id='word_1_11' title='bbox 1063 648 1218 716; x_wconf 81' lang='lat' dir='ltr'>assecuta,</span> <span class='ocrx_word' id='word_1_12' title='bbox 1233 649 1335 704; x_wconf 90' lang='lat' dir='ltr'>totam</span> 
     </span>
     <span class='ocr_line' id='line_1_3' title="bbox 285 740 1336 826; baseline 0.005 -26"><span class='ocrx_word' id='word_1_13' title='bbox 285 762 304 800; x_wconf 89' lang='lat' dir='ltr'>a</span> <span class='ocrx_word' id='word_1_14' title='bbox 326 740 404 803; x_wconf 90' lang='lat' dir='ltr'>mari</span> <span class='ocrx_word' id='word_1_15' title='bbox 427 762 530 824; x_wconf 90' lang='lat' dir='ltr'>usque</span> <span class='ocrx_word' id='word_1_16' title='bbox 553 742 594 804; x_wconf 89' lang='lat' dir='ltr'>ad</span> <span class='ocrx_word' id='word_1_17' title='bbox 614 764 712 819; x_wconf 90' lang='lat' dir='ltr'>mare,</span> <span class='ocrx_word' id='word_1_18' title='bbox 736 741 954 806; x_wconf 86' lang='lat' dir='ltr'>terramillam</span> <span class='ocrx_word' id='word_1_19' title='bbox 970 763 1067 826; x_wconf 93' lang='lat' dir='ltr'>quam</span> <span class='ocrx_word' id='word_1_20' title='bbox 1088 763 1108 805; x_wconf 88' lang='lat' dir='ltr'>a</span> <span class='ocrx_word' id='word_1_21' title='bbox 1126 763 1186 804; x_wconf 86' lang='lat' dir='ltr'>suo</span> <span class='ocrx_word' id='word_1_22' title='bbox 1205 742 1336 805; x_wconf 87' lang='lat' dir='ltr'>nomine</span> 
     </span>
     <span class='ocr_line' id='line_1_4' title="bbox 289 839 1221 928; baseline 0.003 -25"><span class='ocrx_word' id='word_1_23' title='bbox 289 839 431 904; x_wconf 88' lang='lat' dir='ltr'>Scotiam</span> <span class='ocrx_word' id='word_1_24' title='bbox 444 842 609 920; x_wconf 86' lang='lat' dir='ltr'>dixerunt,</span> <span class='ocrx_word' id='word_1_25' title='bbox 625 866 729 928; x_wconf 90' lang='lat' dir='ltr'>usque</span> <span class='ocrx_word' id='word_1_26' title='bbox 744 844 779 907; x_wconf 93' lang='lat' dir='ltr'>in</span> <span class='ocrx_word' id='word_1_27' title='bbox 793 843 986 908; x_wconf 87' lang='lat' dir='ltr'>hodiernum</span> <span class='ocrx_word' id='word_1_28' title='bbox 1001 843 1221 908; x_wconf 88' lang='lat' dir='ltr'>obtinuerunt.</span> 
     </span>
    </p>
   </div>
   <div class='ocr_carea' id='block_1_3' title="bbox 677 1147 947 1432">
    <p class='ocr_par' dir='ltr' id='par_1_3' title="bbox 677 1147 947 1432">
     <span class='ocr_line' id='line_1_5' title="bbox 771 1147 853 1212; baseline -0.024 0"><span class='ocrx_word' id='word_1_29' title='bbox 771 1147 853 1212; x_wconf 89' lang='lat' dir='ltr'><strong>VII.</strong></span> 
     </span>
     <span class='ocr_line' id='line_1_6' title="bbox 677 1347 947 1432; baseline -0.004 -21"><span class='ocrx_word' id='word_1_30' title='bbox 677 1347 730 1411; x_wconf 90' lang='lat' dir='ltr'>De</span> <span class='ocrx_word' id='word_1_31' title='bbox 745 1348 947 1432; x_wconf 71' lang='lat' dir='ltr'>rrcrrrsraqiis.l</span> 
     </span>
    </p>
   </div>
   <div class='ocr_carea' id='block_1_4' title="bbox 23 1513 1337 1645">
    <p class='ocr_par' dir='ltr' id='par_1_4' title="bbox 23 1513 1337 1645">
     <span class='ocr_line' id='line_1_7' title="bbox 23 1513 1337 1645; baseline -0.002 -60"><span class='ocrx_word' id='word_1_32' title='bbox 23 1617 24 1620; x_wconf 7' lang='grc' dir='ltr'><strong>Ἴ</strong></span> <span class='ocrx_word' id='word_1_33' title='bbox 122 1545 273 1645; x_wconf 35' lang='lat' dir='ltr'>maffi-</span> <span class='ocrx_word' id='word_1_34' title='bbox 331 1518 373 1585; x_wconf 82' lang='lat' dir='ltr'>In</span> <span class='ocrx_word' id='word_1_35' title='bbox 400 1521 543 1605; x_wconf 81' lang='lat' dir='ltr'>antiquis</span> <span class='ocrx_word' id='word_1_36' title='bbox 569 1521 666 1586; x_wconf 90' lang='lat' dir='ltr'>etiam</span> <span class='ocrx_word' id='word_1_37' title='bbox 692 1513 871 1606; x_wconf 85' lang='lat' dir='ltr'>Anglorum</span> <span class='ocrx_word' id='word_1_38' title='bbox 892 1522 1019 1606; x_wconf 85' lang='lat' dir='ltr'>legibus</span> <span class='ocrx_word' id='word_1_39' title='bbox 1041 1522 1081 1586; x_wconf 92' lang='lat' dir='ltr'>ab</span> <span class='ocrx_word' id='word_1_40' title='bbox 1108 1521 1218 1606; x_wconf 84' lang='lat' dir='ltr'>aliquo</span> <span class='ocrx_word' id='word_1_41' title='bbox 1247 1541 1337 1584; x_wconf 90' lang='lat' dir='ltr'>sanc-</span> 
     </span>
    </p>
   </div>
   <div class='ocr_carea' id='block_1_5' title="bbox 122 1623 1446 3740">
    <p class='ocr_par' dir='ltr' id='par_1_5' title="bbox 122 1623 1339 1914">
     <span class='ocr_line' id='line_1_8' title="bbox 123 1623 1339 1708; baseline -0.002 -22"><span class='ocrx_word' id='word_1_42' title='bbox 123 1645 265 1705; x_wconf 54' lang='lat' dir='ltr'>manusve</span> <span class='ocrx_word' id='word_1_43' title='bbox 287 1637 403 1704; x_wconf 89' lang='lat' dir='ltr'>torum,</span> <span class='ocrx_word' id='word_1_44' title='bbox 420 1636 458 1689; x_wconf 89' lang='lat' dir='ltr'>ut</span> <span class='ocrx_word' id='word_1_45' title='bbox 472 1624 640 1701; x_wconf 89' lang='lat' dir='ltr'>credimus,</span> <span class='ocrx_word' id='word_1_46' title='bbox 663 1647 786 1708; x_wconf 86' lang='lat' dir='ltr'>regum,</span> <span class='ocrx_word' id='word_1_47' title='bbox 808 1625 846 1687; x_wconf 91' lang='lat' dir='ltr'>de</span> <span class='ocrx_word' id='word_1_48' title='bbox 866 1624 985 1708; x_wconf 91' lang='lat' dir='ltr'>quibus</span> <span class='ocrx_word' id='word_1_49' title='bbox 1007 1623 1092 1686; x_wconf 86' lang='lat' dir='ltr'>infra</span> <span class='ocrx_word' id='word_1_50' title='bbox 1111 1623 1247 1700; x_wconf 88' lang='lat' dir='ltr'>dicetur,</span> <span class='ocrx_word' id='word_1_51' title='bbox 1263 1643 1339 1684; x_wconf 90' lang='lat' dir='ltr'>con-</span> 
     </span>
     <span class='ocr_line' id='line_1_9' title="bbox 122 1697 1339 1811; baseline -0.002 -25"><span class='ocrx_word' id='word_1_52' title='bbox 122 1697 215 1786; x_wconf 49' lang='lat' dir='ltr'>&amp;fall</span> <span class='ocrx_word' id='word_1_53' title='bbox 286 1727 431 1804; x_wconf 90' lang='lat' dir='ltr'>stitutus,</span> <span class='ocrx_word' id='word_1_54' title='bbox 467 1727 569 1811; x_wconf 88' lang='lat' dir='ltr'>major</span> <span class='ocrx_word' id='word_1_55' title='bbox 605 1736 655 1790; x_wconf 90' lang='lat' dir='ltr'>est</span> <span class='ocrx_word' id='word_1_56' title='bbox 693 1725 841 1809; x_wconf 80' lang='lat' dir='ltr'>aequitas,</span> <span class='ocrx_word' id='word_1_57' title='bbox 868 1747 942 1798; x_wconf 89' lang='lat' dir='ltr'>cum</span> <span class='ocrx_word' id='word_1_58' title='bbox 970 1736 1078 1789; x_wconf 91' lang='lat' dir='ltr'>tamen</span> <span class='ocrx_word' id='word_1_59' title='bbox 1113 1724 1170 1788; x_wconf 87' lang='lat' dir='ltr'>illa</span> <span class='ocrx_word' id='word_1_60' title='bbox 1197 1722 1339 1787; x_wconf 86' lang='lat' dir='ltr'>maxima</span> 
     </span>
     <span class='ocr_line' id='line_1_10' title="bbox 284 1829 580 1914; baseline -0.003 -22"><span class='ocrx_word' id='word_1_61' title='bbox 284 1829 396 1907; x_wconf 89' lang='lat' dir='ltr'>fuerit,</span> <span class='ocrx_word' id='word_1_62' title='bbox 411 1829 580 1914; x_wconf 88' lang='lat' dir='ltr'>reperitur.</span> 
     </span>
    </p>

    <p class='ocr_par' dir='ltr' id='par_1_6' title="bbox 287 1925 1340 2425">
     <span class='ocr_line' id='line_1_11' title="bbox 332 1925 1338 2015; baseline -0.004 -21"><span class='ocrx_word' id='word_1_63' title='bbox 332 1931 498 1995; x_wconf 89' lang='lat' dir='ltr'>Statutum</span> <span class='ocrx_word' id='word_1_64' title='bbox 537 1930 623 1993; x_wconf 92' lang='lat' dir='ltr'>enim</span> <span class='ocrx_word' id='word_1_65' title='bbox 655 1929 762 1994; x_wconf 85' lang='lat' dir='ltr'>fuerat</span> <span class='ocrx_word' id='word_1_66' title='bbox 794 1929 883 2015; x_wconf 91' lang='lat' dir='ltr'>quod</span> <span class='ocrx_word' id='word_1_67' title='bbox 912 1929 939 1992; x_wconf 91' lang='lat' dir='ltr'>si</span> <span class='ocrx_word' id='word_1_68' title='bbox 974 1952 1059 1994; x_wconf 91' lang='lat' dir='ltr'>unus</span> <span class='ocrx_word' id='word_1_69' title='bbox 1093 1930 1133 1994; x_wconf 92' lang='lat' dir='ltr'>de</span> <span class='ocrx_word' id='word_1_70' title='bbox 1170 1925 1338 2010; x_wconf 82' lang='lat' dir='ltr'>naufragio</span> 
     </span>
     <span class='ocr_line' id='line_1_12' title="bbox 287 2029 1340 2116; baseline -0.003 -21"><span class='ocrx_word' id='word_1_71' title='bbox 287 2031 432 2108; x_wconf 78' lang='lat' dir='ltr'><strong>evaserit,</strong></span> <span class='ocrx_word' id='word_1_72' title='bbox 455 2031 552 2095; x_wconf 90' lang='lat' dir='ltr'>etiam</span> <span class='ocrx_word' id='word_1_73' title='bbox 566 2032 799 2116; x_wconf 89' lang='lat' dir='ltr'>pauperrimus,</span> <span class='ocrx_word' id='word_1_74' title='bbox 824 2043 857 2096; x_wconf 91' lang='lat' dir='ltr'>et</span> <span class='ocrx_word' id='word_1_75' title='bbox 871 2054 983 2095; x_wconf 89' lang='lat' dir='ltr'>navem</span> <span class='ocrx_word' id='word_1_76' title='bbox 1003 2043 1037 2095; x_wconf 92' lang='lat' dir='ltr'>et</span> <span class='ocrx_word' id='word_1_77' title='bbox 1057 2042 1163 2096; x_wconf 90' lang='lat' dir='ltr'>totum</span> <span class='ocrx_word' id='word_1_78' title='bbox 1189 2031 1277 2115; x_wconf 89' lang='lat' dir='ltr'>quod</span> <span class='ocrx_word' id='word_1_79' title='bbox 1299 2029 1340 2093; x_wconf 90' lang='lat' dir='ltr'>ad</span> 
     </span>
     <span class='ocr_line' id='line_1_13' title="bbox 288 2132 1339 2219; baseline -0.006 -21"><span class='ocrx_word' id='word_1_80' title='bbox 288 2147 406 2198; x_wconf 88' lang='lat' dir='ltr'>terram</span> <span class='ocrx_word' id='word_1_81' title='bbox 419 2133 553 2212; x_wconf 89' lang='lat' dir='ltr'>venerit,</span> <span class='ocrx_word' id='word_1_82' title='bbox 570 2144 603 2196; x_wconf 90' lang='lat' dir='ltr'>et</span> <span class='ocrx_word' id='word_1_83' title='bbox 617 2135 705 2219; x_wconf 91' lang='lat' dir='ltr'>quod</span> <span class='ocrx_word' id='word_1_84' title='bbox 729 2134 841 2198; x_wconf 89' lang='lat' dir='ltr'>salvari</span> <span class='ocrx_word' id='word_1_85' title='bbox 864 2134 995 2218; x_wconf 88' lang='lat' dir='ltr'>poterit,</span> <span class='ocrx_word' id='word_1_86' title='bbox 1014 2133 1100 2198; x_wconf 89' lang='lat' dir='ltr'>solus</span> <span class='ocrx_word' id='word_1_87' title='bbox 1123 2132 1339 2198; x_wconf 80' lang='lat' dir='ltr'><strong>obtinebatur.</strong></span> 
     </span>
     <span class='ocr_line' id='line_1_14' title="bbox 289 2235 1340 2321; baseline -0.005 -21"><span class='ocrx_word' id='word_1_88' title='bbox 289 2235 375 2300; x_wconf 90' lang='lat' dir='ltr'><strong>Item</strong></span> <span class='ocrx_word' id='word_1_89' title='bbox 397 2236 424 2299; x_wconf 89' lang='lat' dir='ltr'>si</span> <span class='ocrx_word' id='word_1_90' title='bbox 438 2235 547 2300; x_wconf 90' lang='lat' dir='ltr'>nullus</span> <span class='ocrx_word' id='word_1_91' title='bbox 567 2236 713 2314; x_wconf 79' lang='lat' dir='ltr'>evaserit,</span> <span class='ocrx_word' id='word_1_92' title='bbox 736 2236 921 2301; x_wconf 89' lang='lat' dir='ltr'>baeredibus</span> <span class='ocrx_word' id='word_1_93' title='bbox 942 2236 1182 2321; x_wconf 85' lang='lat' dir='ltr'>naufragorum,</span> <span class='ocrx_word' id='word_1_94' title='bbox 1205 2235 1232 2298; x_wconf 90' lang='lat' dir='ltr'>si</span> <span class='ocrx_word' id='word_1_95' title='bbox 1254 2255 1340 2296; x_wconf 90' lang='lat' dir='ltr'>com-</span> 
     </span>
     <span class='ocr_line' id='line_1_15' title="bbox 290 2333 789 2425; baseline 0.002 -24"><span class='ocrx_word' id='word_1_96' title='bbox 290 2333 451 2425; x_wconf 83' lang='lat' dir='ltr'>paruerat,</span> <span class='ocrx_word' id='word_1_97' title='bbox 466 2348 573 2402; x_wconf 90' lang='lat' dir='ltr'>totum</span> <span class='ocrx_word' id='word_1_98' title='bbox 587 2338 789 2403; x_wconf 86' lang='lat' dir='ltr'>restituetur.</span> 
     </span>
    </p>

    <p class='ocr_par' dir='ltr' id='par_1_7' title="bbox 288 2438 1446 3740">
     <span class='ocr_line' id='line_1_16' title="bbox 332 2438 1340 2526; baseline -0.003 -23"><span class='ocrx_word' id='word_1_99' title='bbox 332 2438 460 2503; x_wconf 85' lang='lat' dir='ltr'>Nostris</span> <span class='ocrx_word' id='word_1_100' title='bbox 475 2450 582 2504; x_wconf 86' lang='lat' dir='ltr'>tamen</span> <span class='ocrx_word' id='word_1_101' title='bbox 597 2440 722 2517; x_wconf 91' lang='lat' dir='ltr'>diebus,</span> <span class='ocrx_word' id='word_1_102' title='bbox 738 2451 804 2505; x_wconf 84' lang='lat' dir='ltr'>tam</span> <span class='ocrx_word' id='word_1_103' title='bbox 820 2438 952 2526; x_wconf 83' lang='lat' dir='ltr'>Angliae</span> <span class='ocrx_word' id='word_1_104' title='bbox 967 2463 1064 2526; x_wconf 90' lang='lat' dir='ltr'>quam</span> <span class='ocrx_word' id='word_1_105' title='bbox 1075 2438 1206 2503; x_wconf 86' lang='lat' dir='ltr'>Walliae</span> <span class='ocrx_word' id='word_1_106' title='bbox 1214 2459 1340 2501; x_wconf 88' lang='lat' dir='ltr'>necnon</span> 
     </span>
     <span class='ocr_line' id='line_1_17' title="bbox 289 2525 1339 2627; baseline -0.003 -22"><span class='ocrx_word' id='word_1_107' title='bbox 289 2551 323 2605; x_wconf 91' lang='lat' dir='ltr'>et</span> <span class='ocrx_word' id='word_1_108' title='bbox 349 2540 521 2604; x_wconf 88' lang='lat' dir='ltr'>Hiberniae</span> <span class='ocrx_word' id='word_1_109' title='bbox 544 2541 713 2605; x_wconf 85' lang='lat' dir='ltr'>maritimis</span> <span class='ocrx_word' id='word_1_110' title='bbox 726 2541 857 2619; x_wconf 88' lang='lat' dir='ltr'>finibus,</span> <span class='ocrx_word' id='word_1_111' title='bbox 872 2543 967 2627; x_wconf 88' lang='lat' dir='ltr'>longe</span> <span class='ocrx_word' id='word_1_112' title='bbox 992 2540 1085 2606; x_wconf 90' lang='lat' dir='ltr'>aliter</span> <span class='ocrx_word' id='word_1_113' title='bbox 1098 2541 1169 2604; x_wconf 89' lang='lat' dir='ltr'>fieri</span> <span class='ocrx_word' id='word_1_114' title='bbox 1190 2525 1339 2616; x_wconf 82' lang='lat' dir='ltr'>vidimus,</span> 
     </span>
     <span class='ocr_line' id='line_1_18' title="bbox 288 2640 1339 2727; baseline -0.003 -21"><span class='ocrx_word' id='word_1_115' title='bbox 288 2665 353 2706; x_wconf 92' lang='lat' dir='ltr'>non</span> <span class='ocrx_word' id='word_1_116' title='bbox 376 2641 480 2706; x_wconf 92' lang='lat' dir='ltr'>solum</span> <span class='ocrx_word' id='word_1_117' title='bbox 498 2642 533 2706; x_wconf 88' lang='lat' dir='ltr'>in</span> <span class='ocrx_word' id='word_1_118' title='bbox 554 2642 648 2706; x_wconf 88' lang='lat' dir='ltr'>terris</span> <span class='ocrx_word' id='word_1_119' title='bbox 670 2642 851 2727; x_wconf 89' lang='lat' dir='ltr'>principum</span> <span class='ocrx_word' id='word_1_120' title='bbox 871 2653 905 2708; x_wconf 88' lang='lat' dir='ltr'>et</span> <span class='ocrx_word' id='word_1_121' title='bbox 917 2642 1082 2718; x_wconf 86' lang='lat' dir='ltr'>laicorum,</span> <span class='ocrx_word' id='word_1_122' title='bbox 1105 2640 1339 2718; x_wconf 88' lang='lat' dir='ltr'>verumetiam,</span> 
     </span>
     <span class='ocr_line' id='line_1_19' title="bbox 290 2741 1446 2831; baseline -0.007 -23"><span class='ocrx_word' id='word_1_123' title='bbox 290 2745 378 2831; x_wconf 91' lang='lat' dir='ltr'>quod</span> <span class='ocrx_word' id='word_1_124' title='bbox 407 2754 456 2808; x_wconf 88' lang='lat' dir='ltr'>est</span> <span class='ocrx_word' id='word_1_125' title='bbox 484 2744 633 2828; x_wconf 85' lang='lat' dir='ltr'>exemplo</span> <span class='ocrx_word' id='word_1_126' title='bbox 656 2743 877 2828; x_wconf 88' lang='lat' dir='ltr'>perniciosius,</span> <span class='ocrx_word' id='word_1_127' title='bbox 908 2744 1131 2828; x_wconf 90' lang='lat' dir='ltr'>episcoporum</span> <span class='ocrx_word' id='word_1_128' title='bbox 1159 2752 1193 2805; x_wconf 91' lang='lat' dir='ltr'>et</span> <span class='ocrx_word' id='word_1_129' title='bbox 1221 2741 1341 2806; x_wconf 86' lang='lat' dir='ltr'>ordinis</span> <span class='ocrx_word' id='word_1_130' title='bbox 1443 2794 1446 2800; x_wconf 84' lang='lat'>.</span> 
     </span>
     <span class='ocr_line' id='line_1_20' title="bbox 289 2841 1342 2931; baseline -0.007 -20"><span class='ocrx_word' id='word_1_131' title='bbox 289 2845 493 2911; x_wconf 85' lang='lat' dir='ltr'>ecclesiastici</span> <span class='ocrx_word' id='word_1_132' title='bbox 521 2845 748 2931; x_wconf 79' lang='lat' dir='ltr'>praelatorum3</span> <span class='ocrx_word' id='word_1_133' title='bbox 778 2846 836 2909; x_wconf 91' lang='lat' dir='ltr'>ubi</span> <span class='ocrx_word' id='word_1_134' title='bbox 858 2868 937 2910; x_wconf 84' lang='lat' dir='ltr'>nave</span> <span class='ocrx_word' id='word_1_135' title='bbox 960 2867 1001 2908; x_wconf 88' lang='lat' dir='ltr'>sc.</span> <span class='ocrx_word' id='word_1_136' title='bbox 1018 2845 1052 2910; x_wconf 87' lang='lat' dir='ltr'>vi</span> <span class='ocrx_word' id='word_1_137' title='bbox 1076 2843 1276 2929; x_wconf 85' lang='lat' dir='ltr'>tempestatis</span> <span class='ocrx_word' id='word_1_138' title='bbox 1301 2841 1342 2905; x_wconf 90' lang='lat' dir='ltr'>ad</span> 
     </span>
     <span class='ocr_line' id='line_1_21' title="bbox 289 2944 1341 3031; baseline -0.003 -21"><span class='ocrx_word' id='word_1_139' title='bbox 289 2970 367 3012; x_wconf 85' lang='lat' dir='ltr'>saxa</span> <span class='ocrx_word' id='word_1_140' title='bbox 390 2946 499 3012; x_wconf 89' lang='lat' dir='ltr'>collisa</span> <span class='ocrx_word' id='word_1_141' title='bbox 524 2946 574 3011; x_wconf 90' lang='lat' dir='ltr'>vel</span> <span class='ocrx_word' id='word_1_142' title='bbox 597 2946 694 3010; x_wconf 88' lang='lat' dir='ltr'>etiam</span> <span class='ocrx_word' id='word_1_143' title='bbox 720 2947 832 3011; x_wconf 91' lang='lat' dir='ltr'>sabulo</span> <span class='ocrx_word' id='word_1_144' title='bbox 854 2947 967 3026; x_wconf 86' lang='lat' dir='ltr'>infixa,</span> <span class='ocrx_word' id='word_1_145' title='bbox 991 2967 1187 3031; x_wconf 90' lang='lat' dir='ltr'>quamquam</span> <span class='ocrx_word' id='word_1_146' title='bbox 1215 2944 1341 3027; x_wconf 83' lang='lat' dir='ltr'>integra</span> 
     </span>
     <span class='ocr_line' id='line_1_22' title="bbox 290 3044 1340 3132; baseline -0.006 -20"><span class='ocrx_word' id='word_1_147' title='bbox 290 3049 357 3112; x_wconf 87' lang='lat' dir='ltr'>fere</span> <span class='ocrx_word' id='word_1_148' title='bbox 373 3058 453 3126; x_wconf 86' lang='lat' dir='ltr'>tota,</span> <span class='ocrx_word' id='word_1_149' title='bbox 476 3047 635 3131; x_wconf 79' lang='lat' dir='ltr'>salvisque</span> <span class='ocrx_word' id='word_1_150' title='bbox 658 3048 802 3132; x_wconf 90' lang='lat' dir='ltr'>personis</span> <span class='ocrx_word' id='word_1_151' title='bbox 823 3048 1012 3132; x_wconf 89' lang='lat' dir='ltr'>cunctisque</span> <span class='ocrx_word' id='word_1_152' title='bbox 1027 3057 1061 3110; x_wconf 90' lang='lat' dir='ltr'>et</span> <span class='ocrx_word' id='word_1_153' title='bbox 1074 3044 1340 3131; x_wconf 87' lang='lat' dir='ltr'>possessionibus,</span> 
     </span>
     <span class='ocr_line' id='line_1_23' title="bbox 291 3145 1342 3232; baseline -0.004 -21"><span class='ocrx_word' id='word_1_154' title='bbox 291 3148 368 3232; x_wconf 90' lang='lat' dir='ltr'>quia</span> <span class='ocrx_word' id='word_1_155' title='bbox 392 3171 455 3211; x_wconf 91' lang='lat' dir='ltr'>non</span> <span class='ocrx_word' id='word_1_156' title='bbox 480 3148 520 3211; x_wconf 91' lang='lat' dir='ltr'>ad</span> <span class='ocrx_word' id='word_1_157' title='bbox 545 3159 676 3232; x_wconf 88' lang='lat' dir='ltr'>portum</span> <span class='ocrx_word' id='word_1_158' title='bbox 696 3149 827 3212; x_wconf 88' lang='lat' dir='ltr'>veniens</span> <span class='ocrx_word' id='word_1_159' title='bbox 847 3149 1074 3224; x_wconf 88' lang='lat' dir='ltr'>desideratum,</span> <span class='ocrx_word' id='word_1_160' title='bbox 1097 3147 1148 3210; x_wconf 90' lang='lat' dir='ltr'>vel</span> <span class='ocrx_word' id='word_1_161' title='bbox 1174 3145 1252 3230; x_wconf 91' lang='lat' dir='ltr'>quia</span> <span class='ocrx_word' id='word_1_162' title='bbox 1275 3167 1342 3207; x_wconf 91' lang='lat' dir='ltr'>non</span> 
     </span>
     <span class='ocr_line' id='line_1_24' title="bbox 289 3237 1340 3333; baseline -0.006 -21"><span class='ocrx_word' id='word_1_163' title='bbox 289 3249 368 3312; x_wconf 86' lang='lat' dir='ltr'>adeo</span> <span class='ocrx_word' id='word_1_164' title='bbox 382 3270 532 3333; x_wconf 88' lang='lat' dir='ltr'>prospere</span> <span class='ocrx_word' id='word_1_165' title='bbox 548 3259 586 3312; x_wconf 91' lang='lat' dir='ltr'>ut</span> <span class='ocrx_word' id='word_1_166' title='bbox 607 3248 767 3326; x_wconf 87' lang='lat' dir='ltr'>volebant,</span> <span class='ocrx_word' id='word_1_167' title='bbox 790 3249 899 3313; x_wconf 87' lang='lat' dir='ltr'>statim</span> <span class='ocrx_word' id='word_1_168' title='bbox 921 3250 961 3314; x_wconf 93' lang='lat' dir='ltr'>ab</span> <span class='ocrx_word' id='word_1_169' title='bbox 983 3248 1098 3314; x_wconf 83' lang='lat' dir='ltr'>accolis</span> <span class='ocrx_word' id='word_1_170' title='bbox 1118 3237 1340 3333; x_wconf 76' lang='lat' dir='ltr'>praedonibus-</span> 
     </span>
     <span class='ocr_line' id='line_1_25' title="bbox 290 3349 1341 3437; baseline -0.006 -24"><span class='ocrx_word' id='word_1_171' title='bbox 290 3372 354 3436; x_wconf 90' lang='lat' dir='ltr'>que</span> <span class='ocrx_word' id='word_1_172' title='bbox 369 3349 595 3413; x_wconf 91' lang='lat' dir='ltr'>crudelissimis</span> <span class='ocrx_word' id='word_1_173' title='bbox 607 3359 760 3435; x_wconf 86' lang='lat' dir='ltr'>tanquam</span> <span class='ocrx_word' id='word_1_174' title='bbox 775 3351 814 3415; x_wconf 88' lang='lat' dir='ltr'>ad</span> <span class='ocrx_word' id='word_1_175' title='bbox 829 3351 972 3437; x_wconf 85' lang='lat' dir='ltr'>praedam</span> <span class='ocrx_word' id='word_1_176' title='bbox 985 3350 1130 3435; x_wconf 90' lang='lat' dir='ltr'>undique</span> <span class='ocrx_word' id='word_1_177' title='bbox 1150 3368 1341 3412; x_wconf 88' lang='lat' dir='ltr'>concurren-</span> 
     </span>
     <span class='ocr_line' id='line_1_26' title="bbox 289 3450 1342 3537; baseline -0.004 -21"><span class='ocrx_word' id='word_1_178' title='bbox 289 3453 377 3517; x_wconf 89' lang='lat' dir='ltr'>tibus</span> <span class='ocrx_word' id='word_1_179' title='bbox 400 3451 506 3515; x_wconf 90' lang='lat' dir='ltr'>0mnia</span> <span class='ocrx_word' id='word_1_180' title='bbox 534 3451 615 3537; x_wconf 88' lang='lat' dir='ltr'>rapi,</span> <span class='ocrx_word' id='word_1_181' title='bbox 639 3451 773 3533; x_wconf 81' lang='lat' dir='ltr'>distrahi</span> <span class='ocrx_word' id='word_1_182' title='bbox 796 3463 829 3516; x_wconf 91' lang='lat' dir='ltr'>et</span> <span class='ocrx_word' id='word_1_183' title='bbox 852 3452 1009 3537; x_wconf 84' lang='lat' dir='ltr'>dissipari.</span> <span class='ocrx_word' id='word_1_184' title='bbox 1054 3451 1120 3515; x_wconf 86' lang='lat' dir='ltr'>Sed</span> <span class='ocrx_word' id='word_1_185' title='bbox 1141 3472 1217 3534; x_wconf 90' lang='lat' dir='ltr'>quae</span> <span class='ocrx_word' id='word_1_186' title='bbox 1239 3450 1342 3534; x_wconf 89' lang='lat' dir='ltr'>major</span> 
     </span>
     <span class='ocr_line' id='line_1_27' title="bbox 289 3538 1342 3641; baseline -0.004 -24"><span class='ocrx_word' id='word_1_187' title='bbox 289 3553 438 3641; x_wconf 87' lang='lat' dir='ltr'>atrocitas</span> <span class='ocrx_word' id='word_1_188' title='bbox 462 3554 513 3618; x_wconf 91' lang='lat' dir='ltr'>vel</span> <span class='ocrx_word' id='word_1_189' title='bbox 538 3554 671 3619; x_wconf 89' lang='lat' dir='ltr'>aviditas</span> <span class='ocrx_word' id='word_1_190' title='bbox 693 3556 744 3619; x_wconf 89' lang='lat' dir='ltr'>vel</span> <span class='ocrx_word' id='word_1_191' title='bbox 769 3555 878 3641; x_wconf 89' lang='lat' dir='ltr'>potius</span> <span class='ocrx_word' id='word_1_192' title='bbox 901 3577 975 3640; x_wconf 88' lang='lat' dir='ltr'>quae</span> <span class='ocrx_word' id='word_1_193' title='bbox 999 3555 1100 3639; x_wconf 87' lang='lat' dir='ltr'>major</span> <span class='ocrx_word' id='word_1_194' title='bbox 1125 3538 1342 3617; x_wconf 87' lang='lat' dir='ltr'>inhumanitas</span> 
     </span>
     <span class='ocr_line' id='line_1_28' title="bbox 290 3655 777 3740; baseline -0.004 -21"><span class='ocrx_word' id='word_1_195' title='bbox 290 3678 387 3740; x_wconf 86' lang='lat' dir='ltr'>quam</span> <span class='ocrx_word' id='word_1_196' title='bbox 403 3656 536 3721; x_wconf 87' lang='lat' dir='ltr'>afflictos</span> <span class='ocrx_word' id='word_1_197' title='bbox 551 3656 595 3720; x_wconf 90' lang='lat' dir='ltr'>sic</span> <span class='ocrx_word' id='word_1_198' title='bbox 609 3655 750 3740; x_wconf 86' lang='lat' dir='ltr'>affligere</span> <span class='ocrx_word' id='word_1_199' title='bbox 764 3657 777 3717; x_wconf 74' lang='lat'><em>2</em></span> 
     </span>
    </p>
   </div>
   <div class='ocr_carea' id='block_1_6' title="bbox 764 3861 891 3929">
    <p class='ocr_par' dir='ltr' id='par_1_8' title="bbox 764 3861 891 3929">
     <span class='ocr_line' id='line_1_29' title="bbox 764 3861 891 3929; baseline 0 -14"><span class='ocrx_word' id='word_1_200' title='bbox 764 3863 782 3915; x_wconf 90' lang='lat' dir='ltr'>f.</span> <span class='ocrx_word' id='word_1_201' title='bbox 797 3866 856 3929; x_wconf 89' lang='lat'>104,</span> <span class='ocrx_word' id='word_1_202' title='bbox 866 3861 891 3915; x_wconf 82' lang='lat' dir='ltr'>b.</span> 
     </span>
    </p>
   </div>
   <div class='ocr_carea' id='block_1_7' title="bbox 0 0 1514 5040">
    <p class='ocr_par' dir='ltr' id='par_1_9' title="bbox 0 0 1514 5040">
     <span class='ocr_line' id='line_1_30' title="bbox 0 0 1514 5040; baseline 0 0"><span class='ocrx_word' id='word_1_203' title='bbox 0 0 1514 5040; x_wconf 95' lang='lat' dir='ltr'> </span> 
     </span>
    </p>
   </div>
  </div>
 </body>
</html>
