3000 5040
402 541 450 591 DE
476 541 741 594 INSTRUUPIONE
766 541 979 592 PRINCIPUM.
1179 529 1220 589 33

587 875 589 879 ,
617 810 698 875 Cer.
723 811 770 875 Χ.

163 948 216 1011 De
237 949 354 1012 Gemite
382 949 544 1030 Gaufredo
558 951 630 1033 jam
655 953 768 1014 iberam
791 974 811 1014 a
827 961 926 1036 patre
949 952 1060 1030 diuisa,
1079 962 1110 1015 et
1134 954 1218 1017 obita

403 1051 537 1133 ejusdem
545 1052 645 1135 panio
653 1061 729 1135 post
742 1055 977 1137 intempestivo.¹

183 1263 187 1268 .
207 1201 264 1264 An
278 1201 444 1265 cumulum
456 1223 586 1284 quoque
595 1202 775 1266 vexationis
789 1202 910 1287 pariter
921 1213 954 1267 et
967 1203 1094 1281 doloris,
1107 1203 1218 1288 paucis
1230 1209 1377 1312 gssffi‘ff

162 1304 367 1388 postmodum
394 1303 496 1379 annis,
519 1303 667 1385 mitigato
696 1303 860 1388 paulisper
883 1305 1037 1388 temporis
1061 1304 1218 1368 beneficio
1231 1312 1338 1362 nannny.

163 1405 245 1468 tanti
280 1404 428 1468 moeroris
463 1404 674 1480 incommodo,
712 1426 786 1466 cum
812 1404 920 1467 laxata
953 1427 1125 1489 parumper
1154 1417 1219 1468 tam

163 1506 390 1589 inquietudine
405 1527 503 1590 quam
522 1505 669 1588 angustia
688 1508 756 1590 jam
771 1505 1007 1589 aliquantulum
1022 1507 1218 1590 respirasset,

164 1606 330 1690 (quoniam
343 1608 433 1672 nulla
455 1609 600 1691 longaeva
623 1617 672 1670 est
696 1616 823 1670 terrena
837 1607 1064 1690 tranquillitas,
1081 1618 1114 1670 et
1139 1629 1219 1690 quo·

162 1709 249 1771 niam
272 1731 397 1792 semper
418 1719 564 1772 extrema
586 1707 696 1792 gaudii
718 1707 826 1770 luctus
848 1708 1007 1792 occupat)
1031 1707 1219 1771 Gaufredus

163 1808 342 1874 Armoricae
366 1809 543 1874 Britanniae
565 1808 679 1872 Comes
702 1808 853 1892 inclytus,
870 1809 911 1871 ob
938 1809 1110 1872 discordias
1131 1810 1219 1871 simi-

163 1911 237 1973 liter
257 1910 344 1975 inter
369 1911 476 1996 ipsum
502 1922 536 1976 et
564 1911 697 1975 fratrem
726 1933 831 1987 suum,
861 1910 1016 1974 Pictaviae
1047 1909 1217 1986 Comitem,

164 2010 350 2091 Ricardum,
374 2036 470 2097 super
494 2024 650 2078 terrarum
676 2034 806 2075 suarum
828 2013 948 2076 finibus
973 2011 1219 2096 implacabiliter

163 2125 302 2191 exortas,
329 2137 350 2178 a
370 2126 461 2199 patre
484 2117 553 2200 jam
578 2114 686 2192 tertio,
710 2115 789 2198 quia
811 2113 959 2198 primaevi
979 2113 1086 2176 fratris
1111 2113 1219 2175 fautor

164 2215 329 2293 extiterat,
352 2217 393 2279 ad
419 2217 608 2301 Philippum
631 2215 789 2280 Ludovici
810 2215 915 2279 filium
933 2215 1003 2299 jam
1026 2215 1061 2277 in
1084 2214 1220 2277 Francia

164 2339 223 2400 pro
238 2327 329 2401 patra
343 2328 531 2402 regnantem
546 2341 589 2382 ex
605 2327 674 2381 toto
690 2317 844 2380 discessit.

207 2417 291 2482 Haec
306 2419 426 2482 etenim
439 2419 547 2482 fuerat
561 2417 662 2500 Regis
677 2416 813 2480 Henriei
829 2428 945 2480 natura
959 2439 1116 2500 perversa,
1133 2417 1221 2498 quod

161 2542 287 2582 summo
303 2541 399 2603 opere
420 2518 590 2581 discordias
608 2518 693 2580 inter
709 2518 793 2580 filios
819 2517 995 2581 suscitabat
1018 2527 1052 2579 et
1076 2515 1218 2593 fovebat,

164 2619 268 2682 solum
282 2619 345 2683 sibi
368 2639 411 2683 ex
426 2640 538 2681 eorum
560 2617 716 2680 discordia
737 2639 848 2700 pacem
871 2639 1001 2701 sperans
1016 2627 1049 2680 et
1064 2618 1218 2700 quietem.

165 2720 280 2784 Comes
292 2719 405 2803 itaque
418 2717 602 2781 Gaufredus
616 2717 696 2780 adeo
709 2717 853 2801 Philippi
868 2717 971 2800 Regis
985 2739 1220 2802 procerumque

164 2820 308 2884 Franeiae
324 2830 512 2884 cunctorum
526 2817 589 2881 sibi
607 2819 674 2902 jam
693 2817 815 2881 animos
830 2818 996 2895 allexerat,
1012 2829 1050 2881 ut
1072 2819 1217 2881 unanimi

165 2921 310 2986 omnium
324 2930 400 2985 voto
423 2919 645 2985 Seneschallus
659 2917 804 2987 Franciae
826 2924 1014 2986 crearetur.2
1059 2918 1128 2986 Qui
1145 2942 1219 2983 cum

160 3185 224 3221 anae
236 3169 286 3222 and
301 3169 485 3236 amendment;
503 3185 573 3223 more
591 3169 663 3223 strict
710 3176 773 3236 erat,
794 3178 820 3223 et
840 3169 931 3224 obsides
951 3171 974 3223 ei
992 3173 1051 3223 dare
1073 3171 1170 3224 volebm
1189 3173 1219 3224 de

164 3238 191 3290 in
204 3238 246 3292 his
257 3240 456 3305 mortification3
473 3257 544 3293 more
561 3239 663 3293 zealous
713 3238 859 3307 Britannia,
866 3248 893 3294 et
901 3241 966 3309 qaod
973 3241 1023 3310 ipre
1033 3240 1106 3294 valde
1118 3242 1218 3309 superbe

164 3308 191 3358 in
209 3309 314 3378 making
331 3327 358 3362 re
376 3310 482 3363 aration.
520 3309 609 3362 Itwaa
627 3308 663 3379 by
711 3309 806 3361 locatas
828 3318 885 3363 erat
915 3327 939 3362 se
967 3318 1122 3362 vastaturum
1148 3309 1218 3361 Nor-

164 3376 208 3429 the
220 3377 324 3430 counsel
337 3327 375 3431 od)
374 3379 418 3431 the
431 3379 531 3431 wicked
542 3378 605 3446 that,
615 3396 662 3431 un·
710 3380 843 3446 manniam,
854 3379 928 3446 cujus
940 3387 1046 3432 eatenus
1063 3387 1116 3431 erat
1131 3378 1218 3431 feada-

162 3446 262 3517 wisely,
282 3447 316 3499 he
335 3448 419 3501 raised
439 3447 546 3500 himself
561 3447 662 3516 against
711 3448 800 3503 torius.
838 3447 873 3500 Et
886 3448 1025 3501 Gervasius
1038 3448 1216 3501 Dorobernen-

183 3533 216 3567 ou
233 3517 284 3568 and
302 3517 365 3569 bent
384 3518 426 3570 his
446 3517 513 3569 bon.
548 3517 601 3569 But
618 3516 663 3568 the
711 3516 756 3584 εἰς,
775 3525 877 3569 narrato
900 3517 1020 3570 Gaufridi
1040 3517 1128 3571 obitu:
1158 3517 1217 3569 Rea

164 3533 232 3638 bord
250 3586 313 3638 hath
331 3585 395 3638 bent
416 3586 466 3638 His
486 3585 545 3637 bow
564 3586 663 3654 against
712 3585 821 3655 Anglia,
852 3586 944 3654 inquit,
977 3588 1129 3638 dominatam
1155 3587 1217 3638 Bri-

162 3652 225 3722 him,
236 3655 304 3707 and‘
311 3654 435 3750 prepared
443 3655 487 3707 the
496 3654 663 3707 instrumenta
713 3655 804 3706 tannia
834 3655 881 3705 sibi
913 3653 993 3706 coluit
1015 3673 1148 3714 revocare;
1174 3657 1217 3706 sed

163 3723 192 3774 of
202 3722 314 3776 death.’'
715 3721 772 3774 Rea
798 3721 952 3773 Francamrm
977 3723 1110 3791 Philippus
1140 3723 1216 3790 ἱρείας

198 3790 406 3860 ¹Hemingford,
419 3792 480 3845 507.
712 3790 857 3859 impediebat
872 3792 1033 3860 propositum.
1080 3791 1128 3843 Est
1150 3793 1216 3843 enim

199 3859 271 3913 2Οι]
282 3860 334 3912 this
346 3876 453 3930 passage
464 3859 509 3912 the
523 3860 626 3922 Editors
639 3858 668 3911 of
715 3858 854 3912 Britannia
873 3860 965 3912 Minor
976 3861 1006 3912 de
1023 3859 1131 3912 dominio
1142 3863 1215 3930 regni

162 3928 417 3999 Bouquetobserve:
436 3929 503 3981 “Eo
516 3928 665 3991 radicatio·
716 3927 838 3997 Francia,
859 3947 931 3998 qaam
956 3929 1014 3982 Rea
1034 3929 1135 4000 Anglia
1155 3947 1215 3997 qno·

163 3999 231 4052 tuitu
241 4007 270 4052 ut
279 3999 439 4051 Britanniam
450 3999 590 4051 Gaufridus
599 3998 664 4068 Regi
712 4000 768 4050 darn
792 4000 862 4051 modo
882 3999 1060 4069 resignaverat,
1078 4017 1132 4052 ram
1150 4017 1214 4067 pre-

163 4067 321 4121 Francorum
352 4068 525 4120 clientelsrem
560 4068 665 4120 faceret.
703 4069 792 4138 fatam
819 4067 940 4122 Comitem
963 4068 1125 4138 Gaaasridm,
1145 4087 1214 4121 snam

162 4136 665 4206 AitenimBenedictusPetroburgensis
712 4138 824 4191 videlicet
840 4136 935 4206 filiam,
954 4157 1003 4190 ana
1024 4156 1078 4190 earn
1096 4157 1172 4191 arare
1189 4147 1214 4190 et

163 4213 233 4258 tomo
257 4215 343 4260 nostro
367 4207 431 4259 xvii.
454 4225 480 4277 p.
501 4208 571 4261 467:
602 4206 666 4266 Qui·
714 4215 790 4275 terra,
830 4207 910 4277 Regis
951 4207 1065 4259 Francia
1105 4210 1215 4263 traderet

162 4276 217 4327 dom
233 4285 315 4331 antem
326 4278 438 4329 dicebant
450 4278 515 4346 qaod
529 4277 578 4345 ipse
593 4275 666 4329 Gan·
714 4278 814 4344 ditioni,
822 4278 865 4342 dre.
906 4275 970 4329 Iria.
979 4296 1003 4346 p.
1018 4276 1097 4330 666.'’

149 4346 243 4411 fridus
253 4348 286 4398 ad
307 4345 397 4416 Regem
414 4346 528 4400 Francia
543 4346 668 4416 prefectus

1064 4453 1086 4495 D
