3000 5040
565 484 747 537 alumnus
773 485 998 538 cauenuNSIs

684 761 765 826 Car.
789 762 889 829 XVI.

257 915 388 978 Littera
395 937 509 1000 pacem
521 925 551 979 et
565 916 760 979 concordiam
775 918 858 979 inter
871 917 990 1000 Repem
1004 917 1149 979 Francia
1160 924 1191 978 et
1209 915 1310 978 Comi-

301 1024 361 1078 tem
375 1017 539 1081 Flaadra'oe
547 1040 609 1102 per
622 1019 742 1102 Bepara
755 1018 929 1083 Hearicwm
935 1018 1061 1098 factam
1069 1026 1290 1103 protestantes.

125 1193 145 1203 ··
162 1194 218 1253 '⁸¹5⁰-
302 1172 323 1203 “
338 1167 430 1232 Ioum
452 1169 529 1232 Rex
544 1169 707 1233 Henricus
722 1169 839 1234 dilecto
854 1179 888 1234 et
901 1169 989 1233 fideli
1004 1192 1063 1233 suo
1077 1169 1252 1254 Ranulpho
1268 1169 1307 1232 de

92 1255 131 1332 irin
176 1254 223 1332 0⁰¹¹
258 1268 444 1334 Glaunvilla
457 1270 603 1335 salutem.
650 1270 737 1334 Scias
753 1272 841 1355 quod
856 1271 907 1334 die
931 1271 1038 1335 clauso
1054 1270 1207 1335 Paschae1
1222 1271 1308 1334 inter

172 1404 200 1432 n.
257 1371 465 1436 Gilberacum
480 1380 514 1434 et
528 1370 719 1437 Curciacum
732 1373 843 1436 habito
861 1372 908 1436 ibi
931 1372 1102 1458 colloquio,
1118 1373 1184 1436 Dei
1205 1372 1308 1456 gratia

256 1473 430 1537 constituta
452 1484 501 1538 est
521 1497 588 1559 pax
610 1485 644 1538 et
675 1474 853 1550 concordia,
876 1474 1053 1559 plurimum
1073 1474 1307 1538 interveniente

255 1596 353 1659 opera
367 1585 401 1639 et
414 1575 630 1640 sollicitudine
645 1586 764 1654 nostra,
779 1576 865 1639 inter
880 1575 1046 1639 dominum
1060 1575 1186 1659 Regem
1208 1575 1307 1639 Fran-

254 1676 314 1740 ciae
334 1686 368 1740 et
377 1676 543 1741 Comitem
568 1677 729 1740 Flandriae
752 1687 786 1740 et
806 1700 860 1740 eos
875 1677 932 1762 qui
953 1676 1073 1740 Comiti
1095 1677 1306 1741 adhaeserant.

256 1777 308 1841 Ita
319 1778 407 1862 quod
414 1778 485 1861 ipso
495 1778 545 1840 die
555 1778 684 1840 affidata
691 1777 756 1841 fuit
765 1778 939 1862 utrobique
949 1779 1097 1854 tenenda,
1108 1779 1192 1841 sicut
1200 1777 1307 1861 prolo-

255 1888 330 1941 cuta
343 1878 419 1941 fuit.
464 1879 511 1941 Et
522 1901 581 1962 ego
589 1879 721 1963 insuper
730 1879 766 1941 in
776 1901 906 1942 manum
922 1880 993 1963 cepi
1002 1880 1043 1942 ad
1054 1879 1257 1942 efficiendum
1268 1889 1307 1942 ut

255 1979 431 2042 secundum
446 1980 533 2063 quod
552 1980 653 2044 divisa
667 1990 716 2044 est
740 1981 903 2065 procedat.
947 1981 1065 2044 Forma
1087 1991 1195 2044 autem
1218 1980 1306 2064 pacis

254 2079 327 2143 talis
356 2089 414 2144 est.
476 2079 590 2145 Comes
618 2082 777 2166 siquidem
805 2082 967 2146 Flandriae
994 2092 1028 2146 et
1056 2083 1226 2166 complices
1255 2081 1306 2144 sui

253 2181 358 2244 redire
374 2182 493 2246 debent
516 2183 551 2246 in
577 2183 762 2268 homagium
779 2194 814 2248 et
834 2184 1003 2268 liganciam
1028 2194 1062 2248 et
1084 2183 1250 2247 servitium
1272 2193 1306 2246 et

253 2283 443 2348 fidelitatem
457 2285 578 2348 domini
600 2285 701 2370 Regis
724 2286 879 2363 Francia,
906 2285 991 2350 sicut
1017 2296 1108 2350 erant
1133 2297 1305 2370 antequam

253 2408 370 2469 guerra
388 2386 555 2471 inciperet.
599 2386 646 2451 Et
660 2387 708 2451 illi
724 2388 781 2473 qui
804 2387 954 2452 dissaisiti
970 2399 1061 2452 erant
1074 2410 1132 2472 per
1146 2409 1304 2470 guerram,

255 2487 351 2550 talem
379 2487 526 2550 saisinam
554 2487 721 2552 habebunt
736 2489 775 2552 de
795 2474 887 2552 terris
901 2489 977 2566 suis,
994 2489 1123 2573 qualem
1144 2487 1306 2551 habebant

255 2608 310 2651 xv.
341 2589 393 2652 die
422 2597 595 2672 antequam
618 2611 766 2672 guerram
794 2589 983 2674 inciperent.
1037 2590 1084 2654 Et
1111 2587 1305 2673 omnesqui

254 2689 339 2773 capti
363 2699 455 2753 erant
476 2712 520 2752 ex
553 2699 691 2773 utraque
719 2700 811 2775 parte
840 2690 968 2756 liberati
998 2701 1031 2755 et
1059 2690 1164 2774 quieti
1190 2699 1303 2767 erunt;

254 2800 391 2874 excepto
406 2813 455 2867 eo,
472 2791 560 2874 quod
573 2791 753 2875 redemptio
768 2815 843 2875 quae
859 2792 934 2855 data
948 2802 1008 2870 est,
1023 2815 1089 2855 non
1102 2792 1303 2867 restituetur,

253 2913 312 2954 nec
333 2891 502 2954 reddenda·
514 2893 725 2975 persolvetur,
746 2915 843 2977 super
863 2893 1018 2956 comitatu
1037 2915 1113 2957 vero
1134 2894 1173 2956 de
1186 2893 1303 2956 ¹Perun

254 3001 287 3054 et
309 2992 349 3054 de
371 2991 581 3056 Viromandis
601 3013 652 3055 res
676 2992 723 3055 ita
744 3015 778 3056 se
803 2993 925 3056 habet:
959 2994 1047 3077 quod
1070 2993 1185 3057 Comes
1206 2993 1304 3056 Flan-

252 3092 331 3154 driae
359 3091 488 3175 publice
517 3091 712 3176 recognovit,
736 3093 825 3176 quod
850 3092 896 3154 nil
916 3092 998 3177 juris
1024 3093 1086 3156 sibi
1098 3093 1240 3157 vindicat
1268 3094 1303 3157 in

252 3204 338 3255 terra
372 3192 429 3256 illa
455 3193 494 3257 de
523 3193 734 3258 Viromandia
761 3194 824 3257 nisi
860 3194 1083 3258 tantummodo
1111 3195 1240 3258 vadium
1270 3206 1304 3259 et

251 3294 505 3378 suppositionem
533 3317 630 3379 quam
650 3295 738 3358 misit
761 3296 797 3358 in
822 3295 1078 3359 emendationem
1093 3305 1189 3360 terrae
1203 3296 1302 3361 illius.

253 3397 416 3460 Praeterea
438 3396 553 3461 Comes
568 3397 728 3461 Flandn'ae
750 3397 891 3462 reddidit
906 3397 1035 3461 domino
1050 3398 1136 3482 Regi
1158 3399 1302 3462 Franciae

252 3498 486 3576 Pitrefontam3
510 3509 544 3562 et
563 3498 640 3562 Rex
661 3499 748 3563 idem
771 3508 910 3563 castrum
931 3499 1071 3574 reddidit
1085 3499 1248 3584 Episcopo
1262 3501 1302 3564 de

252 3599 418 3679 Saissuns;
456 3610 489 3665 et
523 3601 706 3687 Episcopus
738 3601 877 3665 dominae
909 3600 1067 3685 Agathos,
1108 3603 1195 3686 quod
1231 3625 1300 3665 eam

249 3701 452 3767 haereditarie
477 3702 654 3788 contingat,
669 3702 848 3768 exhibebit.
894 3701 1010 3767 Comes
1023 3726 1098 3768 vero
1120 3702 1302 3770 claremon-

249 3805 370 3868 tensis²
385 3815 419 3868 et
440 3804 634 3888 Radulphus
653 3804 692 3867 de
718 3803 868 3868 Curtiaco
884 3812 960 3867 sunt
980 3827 1024 3867 ex
1049 3814 1119 3868 toto
1144 3805 1179 3868 in
1203 3827 1301 3868 manu

250 3905 370 3969 domini
384 3906 485 3989 Regis
500 3905 656 3982 Franciae,
670 3905 765 3968 liberi
780 3915 813 3969 et
828 3905 932 3988 quieti
947 3926 966 3967 a
981 3904 1107 3969 Comite
1128 3906 1300 3984 Flandriae,

250 4029 293 4069 ex
306 4006 356 4069 his
372 4028 446 4090 quae
461 4007 500 4070 de
515 4007 608 4092 ipso³
624 4006 777 4070 tenebant
792 4006 831 4069 de
845 4005 940 4069 feodo
950 4005 1120 4070 comitatus
1131 4006 1301 4071 Viroman-

285 4214 457 4267 1Λ.ι>.1182,
528 4194 723 4282 ”Radulphua'
799 4210 860 4263 dria
889 4210 986 4263 bellum
1023 4219 1112 4264 contra
1142 4211 1299 4264 Francorum

284 4281 329 4312 ³“
336 4281 440 4352 Nempe
469 4298 528 4334 cum
554 4281 647 4333 Comes
672 4280 749 4332 Flan-
799 4280 896 4348 Regem
909 4288 1003 4348 egeret,
1022 4279 1159 4334 Britolium
1172 4281 1230 4349 sibi,
1243 4290 1300 4334 tan·
