3000 5040
426 500 475 548 nn
500 497 766 552 rnsrau‘crlonn
791 499 1008 551 rmncrruu.
1178 487 1241 559 133

191 648 341 712 fiduciam
365 642 514 727 ostendit,
539 662 573 714 et
599 652 713 715 erectis
739 652 779 714 ad
802 650 917 714 caelum
939 650 1088 713 manibus
1104 649 1148 711 ¹in
1170 671 1246 712 con·

192 764 305 836 spectu
327 754 470 818 omnium
493 767 598 838 grates
623 756 690 839 agit
709 755 781 818 Deo
805 754 892 838 quod
913 751 1105 816 inevitabilis
1127 773 1247 835 pugnae

189 855 257 937 jam
278 855 376 918 instet
397 858 578 934 necessitas,
598 880 695 940 quam
712 857 790 940 fuga
808 855 951 919 hostium
969 855 1032 917 huc
1054 875 1159 936 usque
1181 875 1249 916 sus·

193 957 314 1039 pendit.
375 957 446 1022 Hac
474 981 551 1023 voce
579 959 692 1042 ingens
720 959 814 1022 ardor
844 956 967 1020 cunctis
995 954 1164 1039 incutitur,
1192 954 1249 1038 qui

192 1059 307 1121 faciem
323 1060 458 1124 Caesaris
473 1062 725 1146 contemplantes
738 1060 936 1123 laetissimam
950 1080 969 1119 a
983 1078 1060 1139 sene
1069 1057 1215 1139 juvenes,
1230 1059 1250 1118 a'

193 1160 300 1243 fragili
324 1161 435 1238 fortes,
459 1163 499 1224 ab
522 1185 588 1225 uno
610 1162 760 1237 universi,
781 1161 910 1224 virtutis
936 1158 1117 1241 suscipiunt
1141 1157 1250 1219 incen-

194 1262 306 1325 tivum.
353 1261 437 1328 Quis
460 1263 553 1326 Deus
581 1285 715 1346 magnus
743 1263 828 1325 sicut
853 1261 945 1324 Deus
974 1260 1103 1322 noster!
1135 1257 1251 1321 Omnis

192 1363 248 1427 illa
269 1364 446 1427 multitudo
463 1376 529 1428 tam
552 1376 639 1427 certa
652 1364 810 1442 vincendi,
829 1375 867 1426 ut
880 1360 1008 1428 vincula
1028 1359 1252 1444 potiusquam

194 1489 285 1530 enses
300 1467 481 1550 stringeret,
495 1467 529 1530 in
550 1478 713 1530 momento
734 1467 924 1542 succumbit,
941 1463 1101 1544 simulque
1119 1473 1153 1539 et
1173 1461 1249 1523 urbs

195 1567 250 1629 illa
264 1578 356 1651 capta
375 1578 504 1631 tenetur
519 1579 553 1631 et
567 1569 709 1632 exterior
732 1569 833 1632 hostis
854 1565 1079 1652 prosternitur.
1127 1562 1250 1626 Utrim-

195 1691 259 1752 que
274 1681 405 1752 strages,
422 1669 544 1754 ubique
559 1671 674 1747 caedes,
688 1671 833 1755 undique
849 1669 988 1732 telorum
1002 1665 1120 1743 acervi3
1140 1665 1251 1748 fugam
1349 1654 1352 1659 ’

194 1770 334 1834 densitas
348 1771 501 1855 impedit3
521 1773 741 1850 numerositas,
756 1773 843 1835 unde
857 1770 1089 1853 gloriabantur,
1105 1767 1249 1830 offendit.

194 1871 267 1934 Jam
295 1872 395 1956 prope
427 1895 477 1936 res
505 1874 622 1957 agitur,
650 1886 791 1938 certatur
819 1873 974 1948 cominus,
1003 1870 1251 1953 confringuntur

194 1995 295 2050 arcus,
326 1975 453 2058 sagittae
488 1999 553 2039 non
583 1976 720 2054 evolant,
749 1977 806 2038 vix
842 1976 932 2038 locus
960 1984 1009 2036 est
1042 1972 1175 2055 gladiis;
1207 1971 1252 2034 sic

195 2075 301 2138 omnia
323 2077 433 2140 turbat
448 2078 552 2154 turba,
568 2079 750 2162 nostrisque
777 2077 923 2162 procedit
944 2076 979 2138 in
1004 2073 1147 2157 gloriam,
1165 2073 1252 2156 quod

194 2176 302 2239 hostes
317 2177 541 2261 disposuerant
554 2180 594 2242 ad
609 2181 746 2243 ruinam.
792 2178 908 2262 Fugax
922 2176 1057 2252 bellum,
1074 2175 1162 2258 quod
1178 2175 1253 2238 hac·

196 2289 290 2341 tenus
312 2279 397 2342 inter
416 2302 528 2363 vepres
548 2291 581 2343 et
601 2282 733 2365 rupium
756 2281 865 2343 fauces
888 2280 1036 2354 haeserat,
1055 2278 1123 2360 jam
1148 2277 1252 2359 spatio

193 2380 343 2443 liberiore
355 2382 543 2445 conseritur.
591 2382 792 2446 Christicolae
807 2383 887 2444 iram
903 2380 1030 2453 satiant,
1043 2400 1119 2461 quae
1135 2378 1253 2440 totiens

195 2481 314 2544 frustra
337 2495 510 2546 exarserat.
557 2483 656 2547 Turci
676 2484 892 2568 experiuntur
914 2480 1007 2544 inviti
1029 2478 1109 2562 quid
1130 2479 1255 2561 possint

196 2583 350 2659 cominus,
387 2606 468 2667 quos
505 2578 631 2648 eminus
670 2585 896 2669 provocabant.
960 2581 1055 2644 Hanc
1096 2579 1254 2662 insignem

196 2684 372 2761 victoriam,
395 2684 546 2748 fidelibus
575 2686 642 2749 suis
670 2707 735 2749 non
764 2685 895 2768 indigne
918 2683 1020 2746 virtus
1049 2679 1156 2743 diviua
1179 2703 1253 2743 con·
1289 2670 1293 2674 ⁴

196 2785 323 2849 tribuit.
368 2786 451 2849 Erat
466 2787 552 2849 enim
574 2787 609 2850 in
624 2787 734 2850 castris
749 2786 888 2861 castitas,
904 2784 939 2847 in
958 2783 1053 2847 armis
1075 2781 1253 2865 disciplina,

197 2885 232 2948 in
257 2886 406 2949 omnibus
428 2899 462 2951 et
484 2910 553 2973 prae
577 2888 727 2952 omnibus
748 2888 844 2950 timor
864 2884 1009 2961 Domini,
1033 2882 1120 2968 apud
1145 2905 1255 2945 omnes

196 3009 285 3049 arnor
306 2988 458 3071 proximi,
473 2989 531 3072 qui
555 2989 599 3052 sic
615 2999 705 3053 erant
725 2988 893 3052 affectione
914 2986 1056 3049 fraterna
1077 2983 1255 3060 unanimes,

198 3088 283 3151 sicut
297 3089 514 3172 periculorum
530 3090 685 3154 exstitere
698 3101 870 3153 consortes.

196 3198 200 3206 '
241 3189 411 3267 Soldanus,
432 3192 512 3255 urbe
533 3202 637 3277 capta,
660 3215 734 3255 curn
755 3193 883 3256 unicam
904 3190 1119 3254 munitionem
1141 3210 1206 3272 quo
1224 3211 1256 3251 se

196 3291 377 3355 contulerat
397 3304 516 3356 restare
540 3304 694 3372 cameret‚
720 3294 856 3358 festinus
879 3293 920 3356 ad
944 3292 1104 3356 Caesarem
1126 3288 1258 3352 nuntios

198 3393 319 3476 dirigit,
346 3393 472 3477 culpam
496 3418 626 3459 omnem
653 3394 829 3458 refundens
858 3395 892 3456 in
921 3394 1036 3469 filium,
1065 3414 1099 3454 se
1128 3413 1258 3474 prorsus

197 3494 373 3557 innocuum
388 3516 541 3572 asserens,
557 3519 672 3558 aurum
688 3507 847 3578 quantum
862 3494 947 3578 petit
961 3493 1138 3576 pollicitur,
1155 3491 1259 3554 foede-

197 3595 240 3658 ris
258 3594 385 3656 obsides
407 3609 488 3676 quot
502 3605 536 3658 et
551 3618 633 3678 quos
653 3596 768 3679 jubeat
787 3594 1004 3678 praestiturus.
1051 3591 1170 3667 Caesar,
1192 3591 1258 3654 heu

197 3695 333 3757 nimium
355 3695 479 3759 facilis!
504 3696 593 3779 quod
614 3696 760 3784 offertur,
784 3694 927 3778 suscipit,
951 3693 1040 3778 quod
1063 3691 1256 3776 postulatur,

196 3797 355 3879 indulget,
385 3797 492 3860 minus
520 3798 652 3881 quidem
689 3799 724 3860 in
762 3798 823 3861 hoc
851 3797 938 3860 facto
966 3794 1155 3870 laudandus,
1179 3795 1256 3858 dum

197 3898 299 3960 virum
322 3899 515 3982 sanguinum
537 3911 571 3963 et
587 3900 736 3963 dolosum
758 3921 842 3984 pene
858 3911 989 3982 captum
1012 3895 1159 3972 absolvit,
1176 3918 1257 3978 quo-

197 3999 283 4062 niam
319 3999 485 4063 honestius
514 4012 583 4063 erat
618 4001 765 4085 perdere,
793 4022 891 4084 quam
923 4010 1052 4063 tantum
1082 3995 1255 4059 Christiani

196 4101 335 4164 nominis
369 4097 493 4166 hostem
530 4102 669 4166 illaesum
705 4124 842 4165 servare.
901 4100 997 4164 Datis
1027 4099 1192 4163 obsidibus
1221 4109 1256 4162 et

196 4202 328 4267 foederis
342 4203 489 4287 pactione
504 4203 639 4281 firmata,
654 4204 792 4267 necdum
813 4203 944 4285 maligni
959 4200 1131 4288 proditoris
1147 4201 1253 4287 quies-

195 4303 239 4367 cit
272 4305 441 4390 impietas3
471 4327 544 4368 nam
576 4305 782 4370 Christicolas
811 4327 884 4368 cum
916 4305 984 4388 jam
1020 4304 1174 4370 remotius
1211 4304 1251 4366 ab
