3000 5016
267 459 312 532 74
589 476 772 530 ornianus
796 476 1023 530 canaamsrs

265 627 496 712 reputavimus.
541 626 582 690 In
617 627 729 713 primis
766 627 877 712 itaque
915 627 1118 691 detentorum
1156 625 1330 710 Anglicani

268 730 359 814 regni
370 739 481 793 contra
494 728 674 814 legitimum
688 729 851 793 haeredem
866 728 1057 806 Henricum,
1074 728 1209 794 Henrici
1224 729 1328 815 Regis

265 855 313 896 -ex
334 831 401 895 filia
423 830 584 894 Matillide
605 840 768 917 nepotem,
791 831 976 915 inopinatus
997 830 1115 896 accidit
1136 853 1277 909 occasus,
1294 843 1328 897 et

267 932 374 1017 primo
399 943 466 996 tam
490 931 601 995 militis
622 932 756 1016 insignis
782 931 951 996 Eustachii
972 932 1128 1018 Stephani
1144 933 1246 1018 Regis
1267 934 1329 998 filii

270 1044 305 1099 et
318 1033 430 1117 generi
453 1032 518 1098 sive
534 1033 730 1097 Francorum
757 1033 869 1096 sororii
896 1033 998 1118 Regis
1022 1033 1197 1113 Lodovvici,
1227 1057 1326 1119 quam

270 1135 381 1199 matris
409 1135 552 1221 ejusdem
581 1133 719 1219 Reginae
745 1135 917 1200 Matillidis
945 1145 979 1200 et
1014 1135 1196 1201 Comitissae
1228 1135 1327 1200 Bolo-

271 1236 391 1300 niensis
413 1235 521 1300 subita
545 1234 581 1298 in
601 1235 668 1298 fata
693 1235 864 1300 concessio.
909 1235 1037 1300 Deinde
1054 1236 1211 1322 Stephani
1225 1237 1329 1320 Regis

272 1337 403 1420 Angliae
419 1346 452 1399 et
472 1335 608 1400 Henrici
622 1335 726 1400 Ducis
750 1335 960 1400 Normanniae
986 1359 1116 1401 concors
1130 1338 1171 1401 ad
1191 1337 1330 1402 invicem

271 1440 355 1502 facta
364 1447 413 1502 est
423 1437 562 1522 adoptio.
584 1436 727 1502 Gloriosi
736 1437 844 1500 statim
853 1437 955 1502 Ducis
963 1437 999 1501 in
1008 1438 1134 1523 Regem
1143 1438 1328 1503 sublimatio

273 1548 307 1603 et
336 1536 471 1602 Henrici
496 1538 628 1603 secundi
656 1538 829 1602 coronatio
875 1538 1004 1602 Nobilis
1030 1540 1126 1604 castri
1151 1540 1328 1624 Burgensis

268 1665 368 1727 supra
389 1642 561 1706 Sabrinum
575 1641 710 1706 fluvium
733 1641 876 1721 obsidi03
901 1652 935 1706 et
949 1642 1061 1708 militis
1075 1643 1197 1727 egregii
1211 1644 1328 1727 Hugo·

269 1744 320 1806 nis
343 1743 383 1806 de
408 1742 649 1819 Mortuo-mari,
677 1742 814 1806 terribili
834 1742 957 1808 cunctis
983 1744 1145 1829 exemplo,
1169 1746 1211 1809 ad
1236 1747 1325 1810 dedi-

271 1845 392 1908 tionem
415 1843 602 1928 compulsio.
649 1842 741 1910 Quid
763 1842 885 1927 plura?
906 1843 947 1907 ad
968 1866 1080 1929 aspera
1097 1847 1327 1931 complananda

271 1957 305 2010 et
318 1945 415 2011 fortia
428 1944 663 2022 confrmdenda,
678 1944 840 2029 prosperis
854 1944 978 2029 ubique
994 1946 1121 2011 casibus
1140 1947 1225 2012 sicut
1237 1951 1329 2033 regni

269 2048 486 2124 detentorum,
501 2047 546 2111 sic
569 2046 676 2110 subita
690 2046 777 2130 pacis
791 2047 936 2130 ejusdem
950 2048 1155 2112 turbatorum
1169 2050 1324 2130 omnium,

271 2162 304 2215 et
340 2161 404 2214 tam
432 2150 567 2215 fratrum
596 2149 712 2234 primo,
748 2171 846 2234 quam
872 2160 985 2234 postea
1013 2173 1144 2236 quoque
1172 2153 1325 2234 filiorum,

271 2253 402 2317 eversio.
447 2252 548 2338 Apud
569 2251 789 2318 Venodociam
813 2251 929 2316 bellica
951 2252 986 2316 in
1010 2253 1170 2319 incertum
1192 2255 1325 2321 ludente

270 2353 410 2432 fortuna,
426 2375 490 2417 non
512 2353 634 2438 absque
655 2352 796 2416 militum
819 2352 995 2418 multorum
1019 2354 1054 2417 in
1077 2366 1164 2420 arcto
1179 2357 1325 2441 sylvestri

267 2456 366 2540 juxta
408 2454 624 2540 Colleshylle,¹
664 2454 686 2518 i.
724 2478 752 2518 e.
789 2451 945 2519 Carbonis
986 2455 1110 2534 collem,
1150 2457 1326 2544 dispendio,

271 2556 424 2642 principis
459 2555 563 2620 Oenei
594 2554 748 2619 subactio.
810 2554 1016 2640 Quamquam
1054 2557 1181 2624 inutilis
1217 2584 1328 2647 sump-

271 2668 364 2722 tuosa
387 2668 495 2723 tamen
522 2667 556 2721 et
579 2656 697 2721 nobilis
726 2657 814 2741 apud
837 2657 989 2722 Tolosam
1016 2661 1192 2744 expeditio.
1237 2663 1328 2729 Inter

271 2759 470 2826 Lodovicum
499 2760 695 2824 Francorum
720 2759 846 2842 Regem
874 2769 909 2824 et
932 2759 1112 2826 Henricum
1139 2763 1325 2849 Anglorum

271 2862 467 2949 Principem,
481 2861 567 2926 varia
591 2860 760 2944 utriusque
781 2860 883 2946 partis
909 2861 1150 2942 deliberatione,
1173 2865 1326 2951 frequens

269 2964 378 3029 bellici
389 2962 570 3028 certaminis
579 2962 756 3026 altercatio.
801 2961 843 3026 In
852 2961 1014 3028 Australis
1024 2963 1185 3032 Cambriae
1194 2968 1324 3047 finibus,

271 3064 454 3148 Anglorum
477 3063 570 3148 Rege
593 3072 737 3142 tonante,
760 3063 946 3129 interventu
969 3065 1073 3131 Oenei
1104 3071 1252 3134 avunculi
1275 3073 1326 3136 sui

271 3167 359 3250 apud
387 3164 573 3242 Pencadeir,
596 3164 619 3228 i.
649 3189 678 3229 e.
703 3164 872 3230 Cathedrae
899 3177 1007 3252 caput,
1040 3168 1198 3256 Principis
1227 3171 1327 3236 Rhesi

273 3268 404 3332 deditio.
448 3266 550 3351 Apud
566 3264 802 3331 Clarendunam
818 3267 1066 3334 Cantuariorum
1077 3270 1327 3356 Archipraesulis

274 3369 408 3435 Thomae
445 3378 479 3433 et
513 3369 784 3453 suffraganeorum
821 3371 1013 3450 antistitum,
1044 3375 1325 3454 consuetudinum,

275 3471 368 3557 [quas
405 3469 518 3555 avitas]
556 3481 680 3549 vocant,
712 3473 905 3536 verbotenus
944 3485 978 3536 et
1015 3475 1134 3559 scripto
1168 3474 1324 3560 [quoque,

272 3586 310 3639 ut
332 3575 445 3651 fertur,
467 3572 608 3657 videtur]
631 3597 696 3654 non
723 3583 897 3657 spontanea
922 3574 979 3637 sed
1001 3586 1130 3640 extorta
1153 3580 1323 3642 concessio.

272 3676 366 3740 Tune
394 3674 564 3760 impletum
590 3684 639 3738 est
663 3674 745 3738 illud
769 3674 901 3738 Merlini
933 3674 1094 3741 Silvestris
1116 3678 1323 3742 vaticinium:

273 3783 337 3841 “et
361 3778 481 3861 linguae
497 3776 678 3840 Taurorum
704 3775 960 3839 abscindentur.’'
1005 3775 1107 3862 Apud
1129 3779 1326 3864 Northamp-

271 3891 329 3944 ton
352 3880 388 3942 in
409 3889 535 3963 patrem
556 3877 657 3941 crucis
672 3877 829 3961 bajulum,
852 3887 887 3940 et
907 3877 1064 3942 Crucifixi
1083 3881 1159 3964 jura
1179 3865 1325 3945 tuentem

270 3981 425 4064 injuriosa
446 3981 544 4044 curiae
560 3979 662 4045 totius
683 3977 912 4058 conclamati03
936 3991 970 4044 et
990 3982 1102 4045 eadem
1125 3994 1220 4048 nocte
1241 3985 1328 4048 clan-

271 4083 395 4146 destina
423 4083 566 4166 ejusdem
594 4081 629 4144 in
655 4080 792 4144 exilium
819 4081 977 4147 discessio.
1023 4083 1207 4170 Reginaldi,
1232 4085 1327 4150 Colo-

270 4184 389 4248 niensis
404 4183 647 4268 Archiepiscopi
670 4191 704 4246 et
720 4181 925 4266 Imperatoris
941 4183 1140 4265 Cancellan'i,
1155 4188 1196 4252 ab
1217 4187 1326 4273 Impe-

673 4316 680 4346 ¹
700 4314 852 4381 Rolaslmlle,
866 4315 924 4370 MS.
