3000 5040
386 653 388 655 ‚
424 581 473 630 nn
498 582 763 635 rusrnucuons
788 584 1002 634 ruruerrun.
1180 571 1241 634 169

186 728 254 792 lum
270 739 402 816 tamque
417 733 577 818 repletum
594 735 757 818 tyrannica
771 736 871 819 magis
888 733 964 819 [vis]
982 735 1244 799 Normannorum

187 832 334 909 extorsit,
352 856 448 916 quam
463 835 540 897 ulla¹
556 847 716 900 certorum
731 836 886 900 fiscalium
901 837 1086 900 reddituum
1101 837 1244 921 praebuit

186 943 243 994 aut
257 935 383 1017 praebet
398 937 496 1000 etiam
511 939 550 1000 de
566 939 740 1002 cervicibus
756 939 940 1022 Anglorum
954 939 1075 1022 pronis,
1091 949 1126 1002 et
1139 939 1242 1002 modis

187 1035 334 1099 omnibus
349 1037 383 1101 in
406 1040 639 1124 subjectionem
662 1050 696 1104 et
719 1041 906 1104 servitutem
930 1041 1023 1118 datie,
1039 1034 1072 1104 et
1088 1041 1243 1125 principis

187 1136 227 1200 ad
254 1149 372 1201 nutum
409 1141 469 1203 sub
507 1165 701 1227 quocunque
742 1142 924 1205 discrimine
964 1165 1089 1226 semper
1125 1143 1242 1206 servire

184 1240 313 1321 paratis.
358 1240 500 1305 Demum
526 1253 635 1306 autem
660 1253 734 1326 post
747 1243 843 1306 verba
865 1243 1087 1325 hujuscemodi
1113 1243 1242 1307 silentio

181 1338 281 1417 fact0,
311 1341 343 1404 in
374 1365 553 1407 sermonem
587 1344 771 1429 hujusmodi
805 1345 882 1408 Rex
910 1345 1078 1428 prorupit:
1117 1344 1243 1408 “Inter

186 1453 292 1506 cetera
305 1467 380 1508 vero
394 1466 493 1530 regna
508 1446 547 1509 de
559 1444 695 1510 Francia
710 1469 839 1531 quoque
850 1446 898 1508 nil
913 1446 1038 1510 dicetur
1050 1446 1078 1508 !’'
1110 1446 1242 1510 Statim·

187 1566 251 1626 que
265 1544 480 1629 subjungens3
506 1546 584 1610 “Et
595 1569 652 1610 nos
667 1558 753 1611 certe
767 1546 914 1632 panem,‘’
924 1546 1043 1631 inquit,
1060 1547 1241 1611 “habemus

182 1658 220 1711 et
233 1649 343 1713 vinum
357 1660 392 1714 et
405 1651 589 1735 gaudium.”
633 1651 787 1715 sedeces
803 1674 900 1734 quam
916 1652 1033 1715 mirum
1046 1651 1112 1714 fuit
1132 1651 1192 1715 hoc
1208 1663 1242 1716 et

187 1771 283 1832 quam
297 1762 501 1816 mansuetum
515 1753 599 1816 tanti
624 1752 780 1838 principis
793 1752 937 1816 verbum.
983 1752 1078 1816 Nihil
1099 1752 1186 1816 enim
1201 1755 1240 1818 de

185 1861 347 1914 armatura
371 1852 543 1938 Cisalpina,
560 1864 594 1917 et
616 1853 758 1916 maxime
783 1852 960 1930 Gallicana,
977 1876 1051 1937 quae
1082 1864 1147 1917 tam
1175 1854 1241 1918 for·

185 1951 346 2015 midabilis
378 1953 466 2030 olim,
496 1964 535 2017 ut
562 1953 708 2017 referunt
736 1954 890 2031 historiae,
920 1953 1094 2033 Romanis3
1124 1955 1172 2018 nil
1200 1957 1239 2020 de

184 2061 319 2117 strenua
344 2055 539 2118 Francorum
568 2055 696 2132 militia,
719 2056 811 2139 cujus
835 2055 932 2118 etiam
960 2055 1057 2119 hodie
1083 2051 1240 2121 mundum

186 2155 371 2220 universum
395 2168 568 2242 exsuperat
590 2157 712 2241 gloria3
728 2157 775 2219 nil
800 2157 839 2219 de
855 2157 969 2220 ceteris
983 2157 1093 2220 multis
1109 2159 1241 2243 quidem

184 2268 218 2320 et
242 2258 366 2342 magnis
390 2259 534 2342 ipsorum
556 2269 622 2322 tam
645 2269 771 2322 naturae
795 2280 892 2341 quam
906 2258 1075 2322 industriae
1092 2260 1182 2322 donis
1204 2282 1240 2324 ac

185 2358 325 2436 dotibus
356 2360 475 2444 quibus
503 2359 746 2444 incomparabili
774 2358 893 2422 virtute
921 2359 1130 2442 praecellunt,
1165 2363 1241 2445 quia

185 2459 232 2522 nil
256 2471 449 2543 arroganter,
473 2461 520 2522 nil
543 2461 692 2544 superbe,
708 2459 756 2521 nil
774 2459 981 2542 jactabundo,
998 2460 1158 2542 degente
1184 2485 1241 2526 sua

185 2560 233 2623 vir
244 2561 318 2644 pius
333 2570 367 2624 et
380 2561 468 2624 mitis
483 2561 630 2624 emittere
644 2559 757 2624 voluit.
790 2570 792 2575 ’

229 2661 324 2739 Item,
359 2672 393 2726 et
417 2663 478 2725 hoc
512 2662 727 2746 adjiciendum
753 2661 806 2725 hic
832 2685 900 2726 esse
925 2663 1063 2740 videtur,
1088 2664 1176 2748 quod
1206 2665 1241 2728 in

184 2764 272 2827 curia
300 2764 388 2847 regia
423 2763 578 2840 Franciae,
607 2763 653 2825 nil
683 2763 913 2847 pompaticum,
943 2763 989 2826 nil
1026 2763 1239 2847 tyrannicum,

185 2865 258 2950 quis
293 2865 441 2928 videbit.2
499 2864 576 2928 Non
607 2864 693 2926 enim
721 2865 816 2928 armis
852 2874 997 2948 tempore
1025 2867 1112 2949 pacis
1140 2866 1241 2930 latera

184 2967 315 3051 stipant,
351 2965 442 3029 exosi
471 2966 592 3050 quippe
624 2987 756 3028 suorum
785 2965 894 3043 nullis,
924 2965 1016 3050 diligi
1044 2968 1145 3051 magis
1165 2973 1241 3032 'me-

182 3079 296 3132 rentur
318 3090 337 3130 a
353 3066 487 3144 cunctis,
503 3089 561 3129 nec
576 3066 674 3130 etiam
688 3066 785 3150 virgis
807 3076 863 3130 aut
884 3067 1006 3130 baculis
1030 3068 1239 3152 querulorum

183 3193 203 3234 a
217 3193 250 3234 se
264 3193 322 3255 per
336 3168 534 3232 marescallos
549 3178 582 3232 et
595 3168 757 3231 ministros
772 3178 882 3232 arcent
896 3177 1049 3234 accessus.

227 3273 267 3335 In
290 3280 444 3356 promptu
467 3292 606 3353 namque
630 3279 679 3333 est
701 3269 749 3333 ibi
770 3270 911 3354 justitia,
936 3271 1014 3354 quia
1032 3272 1141 3336 statim
1166 3274 1239 3357 qui-'

184 3375 256 3438 dem
272 3383 306 3436 et
326 3372 426 3457 gratis
448 3371 604 3448 exhibita,
619 3393 685 3434 non
699 3372 819 3435 venalis
845 3383 883 3435 ut
905 3371 992 3450 alibi,
1006 3373 1127 3456 vilique
1153 3375 1239 3437 com··

182 3475 302 3540 mer'cio
327 3475 387 3537 sub
417 3472 588 3536 Giezetico
618 3471 735 3535 scelere
760 3472 984 3535 damnabiliter
1010 3474 1175 3557 exposita3
1204 3485 1238 3538 et

184 3597 369 3660 quanquam
383 3596 433 3636 res
456 3583 521 3636 tam
543 3573 683 3655 pretiosa
704 3582 835 3654 tamque
858 3572 981 3648 deifica,
998 3573 1149 3655 quoniam
1164 3575 1238 3638 Deo

183 3675 462 3741 consubstantialis
492 3685 526 3737 et
554 3682 724 3749 coaeterua,
758 3682 849 3736 tanto
879 3694 953 3734 cum
981 3672 1135 3736 dedecore
1163 3679 1237 3758 p'ro-

183 3780 308 3857 stituta,
326 3779 365 3842 de
380 3777 432 3841 die
448 3786 555 3840 tamen
569 3775 608 3838 in'
619 3773 704 3837 diem
719 3773 807 3857 gravi
822 3795 948 3858 semper
962 3796 1037 3838 cum
1051 3776 1236 3840 morositate

183 3882 291 3946 dilata.

225 3983 322 4059 Item,
345 3993 503 4046 terrarum
528 3978 689 4065 principes
713 3979 778 4054 alii,
800 3979 834 4041 in
860 3980 947 4042 omni
970 4002 1115 4043 sermone
1135 4002 1236 4043 sacra-

182 4084 299 4148 mentis
324 4083 509 4147 enormibus
535 4092 673 4157 uteuteS,
689 4103 747 4165 per
773 4091 909 4144 mortem
936 4081 1010 4158 Dei,
1034 4105 1092 4166 per
1117 4082 1235 4160 oculos,

219 4255 226 4288 ¹
246 4255 374 4307 Nonnihil
386 4255 466 4307 deest.
734 4251 835 4319 fecisse,
856 4262 882 4305 et
896 4253 1003 4306 Francis
1014 4253 1084 4306 haud
1094 4253 1236 4376 probatam,

216 4324 329 4377 '“Gul
342 4323 531 4392 Neubrigensis
544 4322 606 4375 dicit
621 4321 681 4373 Phi·
734 4338 793 4373 cum
818 4322 858 4373 sui
883 4323 995 4392 corporis
1019 4332 1093 4377 custo
1112 4341 1139 4376 es
1163 4323 1236 4377 insti-

180 4393 279 4464 lippum
301 4395 449 4463 Augustum
473 4410 527 4445 rem
552 4391 681 4445 insolitam
734 4390 813 4442 tuit.”
850 4391 933 4461 Bouq.
