3000 5040
425 497 473 546 DE
498 497 537 546 IN
540 496 763 549 srltuo'monu
787 496 999 547 PRINCIPUM.
1177 481 1237 543 139

188 644 531 730 modoapparuerunt.’
559 643 623 708 His
632 653 730 727 atque
738 643 1003 728 aliishujusmodi
1011 643 1116 706 verbis
1124 665 1242 727 expro-

187 745 303 810 brabat
314 748 354 810 ei.
394 747 487 811 Tunc
500 746 619 810 Tobias
632 745 794 829 ingemuit
805 755 838 807 et
852 745 954 830 coepit
965 768 1055 808 orare
1067 767 1140 809 cum
1150 745 1242 808 lacri-

187 848 248 912 mis
262 850 380 926 dicens,
397 849 530 912 ‘Justus
545 871 588 922 es,
605 848 755 925 Domine,
772 857 805 909 et
824 847 931 910 omnia
940 846 1065 931 judicia
1079 857 1136 909 tua
1153 848 1243 931 justa

187 960 273 1027 sunt,
286 961 319 1014 et
334 974 443 1015 omnes
453 951 514 1015 viae
527 961 593 1014 tuae
603 950 828 1026 misericordia,
837 949 963 1026 veritas,
975 959 1009 1012 et
1012 949 1173 1033 judicium
1185 975 1193 1026 ;
1209 959 1243 1012 et

186 1074 283 1124 nunc,
292 1052 444 1130 Domine,
455 1057 618 1117 memento
626 1052 700 1127 mei,
710 1074 751 1114 ne
762 1051 991 1115 vindictionem
1002 1073 1107 1114 sumas
1119 1049 1158 1115 de
1168 1073 1242 1134 pec-

187 1156 265 1218 catis
288 1155 377 1232 meis,
397 1177 504 1239 neque
528 1154 739 1218 reminiscaris
764 1154 881 1217 delicta
905 1175 977 1216 mea
999 1152 1050 1216 vel
1071 1163 1242 1236 parentum

186 1279 343 1333 meorum,
367 1257 456 1340 quod
475 1279 541 1319 non
564 1255 763 1320 obedivimus
785 1254 957 1338 praeceptis
982 1253 1058 1330 tuis,
1075 1263 1109 1316 et
1132 1253 1242 1317 traditi

186 1380 296 1420 sumus
311 1358 345 1421 in
361 1357 574 1442 direptionem
589 1366 623 1420 et
638 1356 866 1441 captivitatem,
876 1365 909 1419 et
922 1354 1129 1439 opprobrium
1139 1356 1242 1418 omni·

185 1459 248 1522 bus
262 1459 448 1522 nationibus
463 1458 497 1520 in
507 1457 625 1542 quibus
635 1457 812 1541 dispersisti
825 1479 895 1520 nos.
924 1456 970 1520 Et
978 1478 1075 1533 nunc,
1090 1455 1241 1532 Domine,

187 1561 365 1624 secundum
379 1559 578 1624 voluntatem
594 1568 683 1623 tuam
698 1559 747 1622 fac
761 1580 907 1635 mecum3
931 1557 1072 1643 praecipe
1090 1558 1189 1641 recipi
1208 1558 1242 1620 in

187 1684 266 1746 pace
281 1662 433 1746 spiritum
447 1660 578 1725 meum’
591 1660 609 1685 “

232 1762 315 1826 Cum
329 1764 401 1826 haec
422 1763 524 1846 igitur
543 1773 577 1825 et
596 1760 712 1824 similia
728 1761 826 1846 justis
849 1759 1048 1844 contingant,
1071 1770 1106 1825 et
1125 1762 1241 1825 sanctis

186 1863 261 1926 viris
287 1864 345 1947 qui
371 1886 436 1926 non
458 1872 656 1938 meruerunt,
682 1884 740 1924 cur
761 1862 914 1927 obstinati
932 1873 1043 1925 contra
1063 1862 1242 1925 Dominum

186 1965 377 2041 excandent,
394 1964 451 2048 qui
477 1965 573 2047 longe
598 1962 722 2025 minora
747 1963 870 2026 meritis
901 1962 1093 2047 suscipiunt,
1119 1964 1241 2047 quique

185 2066 268 2128 mala
282 2066 429 2150 quotidie
444 2065 549 2129 facere
568 2088 635 2128 non
654 2064 825 2142 desistunt,
842 2075 875 2128 et
898 2077 1006 2128 tamen
1021 2065 1242 2148 temptationi-

185 2168 247 2230 bus
258 2187 324 2230 non
333 2167 514 2230 resistunt?
558 2165 692 2230 Talibus
708 2176 818 2229 autem
832 2189 938 2250 neque
953 2165 1082 2228 vexatio
1097 2165 1242 2229 intellec-

187 2278 257 2331 tum
267 2267 367 2345 dabit,
381 2267 502 2352 quivix
518 2266 615 2330 etiam
630 2267 773 2329 Domino
787 2267 1040 2344 confitebuntur,
1056 2289 1130 2330 cum
1144 2268 1242 2331 bene-

186 2368 299 2432 fecerit
314 2367 370 2432 eis.
400 2367 568 2430 Deficiunt
578 2376 687 2429 autem
703 2367 832 2430 omnino
848 2367 882 2430 in
897 2367 996 2444 duris,
1013 2377 1047 2431 et
1058 2367 1091 2432 in
1105 2368 1241 2431 miseriis

184 2492 251 2533 non
279 2469 469 2533 subsistunt.
530 2467 695 2552 Scriptum
721 2477 770 2532 est
795 2477 904 2532 autem
937 2470 976 2532 de
1001 2469 1051 2533 his
1080 2470 1138 2553 qui
1167 2492 1241 2552 per-

186 2572 338 2636 diderunt
359 2569 583 2646 substantiam,
607 2569 654 2633 hii
675 2592 792 2654 nempe
814 2569 841 2633 si
863 2593 929 2634 non
956 2570 1079 2634 fuerint
1107 2571 1240 2635 saturati

185 2673 432 2737 murmurabunt
453 2682 487 2736 et
510 2671 789 2755 blasphemabunt.
836 2671 964 2736 Similes
988 2671 1051 2735 illis
1067 2673 1107 2735 de
1122 2672 1240 2756 quibus

184 2774 219 2837 in
248 2775 376 2838 Psalmo
413 2773 568 2857 scriptum
595 2783 655 2850 est,
683 2771 947 2855 “Cogitaverunt
975 2784 1009 2837 et
1034 2773 1136 2836 locuti
1165 2784 1241 2837 sunt

184 2876 373 2958 nequitiam,
403 2875 611 2958 iniquitatem
640 2873 675 2936 in
704 2874 832 2937 excelso
866 2874 967 2939 locuti
1006 2885 1091 2938 sunt.
1137 2874 1241 2938 Posu-

185 2988 281 3041 erunt
304 2977 339 3039 in
354 2976 517 3040 caelumos
532 2974 656 3052 suum,”
672 2984 733 3038 etc.
779 2975 826 3038 Et
850 2975 945 3040 alibi:
971 2976 1085 3039 “Dixi
1106 2976 1239 3058 iniquis,

184 3079 286 3142 nolite
309 3077 423 3160 inique
453 3098 568 3159 egere3
598 3087 633 3140 et
666 3076 940 3160 delinquentibus,
964 3077 1064 3141 nolite
1098 3077 1240 3140 exaltare

184 3203 293 3243 comn.
338 3177 452 3241 Nolite
468 3177 624 3240 extollere
644 3179 679 3240 in
699 3178 801 3240 altum
815 3200 916 3242 comu
929 3189 1081 3243 vestrum.
1127 3179 1239 3242 Nolite

182 3282 272 3365 loqui
283 3281 434 3344 adversus
442 3279 621 3343 Dominum
631 3280 867 3364 iniquitatem.”
891 3279 976 3344 Item
987 3281 1120 3345 Esaias:
1138 3287 1159 3316 “
1171 3281 1240 3344 De-

183 3383 386 3467 reliquerunt
407 3381 598 3458 Dominum,
620 3381 924 3465 blasphemaverunt
951 3383 1105 3446 Sanctum
1128 3382 1237 3461 Israel,

181 3483 352 3547 abalienati
390 3491 467 3546 sunt
502 3492 687 3545 retrorsum.
748 3482 852 3565 Super
882 3505 947 3565 quo
975 3484 1154 3566 percutiam
1183 3507 1239 3546 vos

181 3586 267 3649 ultra
287 3584 443 3647 habentes
458 3583 785 3666 praevmicationem.’'
823 3581 928 3665 Super
940 3582 1026 3646 hunc
1037 3583 1144 3645 locum
1160 3583 1239 3646 dicit

183 3686 414 3768 Hieronymus,
438 3688 459 3718 “
473 3683 569 3767 Saepe
591 3683 732 3766 percutit
757 3683 919 3747 Dominus
942 3693 980 3746 ut
1002 3684 1157 3766 corrigat:
1186 3684 1237 3746 his

183 3789 241 3871 qui
262 3785 496 3869 incorrigibiles
518 3795 594 3848 sunt
614 3784 703 3861 dicit,
727 3784 856 3868 ‘Super
879 3807 954 3867 quo,
979 3795 1040 3848 etc.
1065 3784 1154 3850 Quia
1170 3807 1236 3848 non

180 3889 309 3952 invenio
317 3887 518 3962 medicinam,
529 3908 625 3970 quam
635 3885 702 3950 scil.
716 3886 884 3949 adhibeam
899 3885 1002 3962 vobis,
1018 3884 1125 3948 omnia
1135 3909 1236 3950 mem·

180 3992 239 4055 bra
254 3989 442 4055 vulneribus
461 3989 557 4073 plena
574 3998 661 4051 sunt.
706 3987 855 4051 Adhibui
878 3988 998 4072 saepius
1012 3987 1233 4066 curationem

180 4093 275 4155 modo
290 4090 412 4154 nullam
426 4100 550 4175 partem
565 4089 706 4173 corporis
720 4089 845 4172 reperio
856 4112 931 4173 quae
946 4111 1011 4152 non
1025 4087 1068 4151 sit
1077 4089 1145 4172 jam
1160 4112 1232 4172 per-

179 4215 271 4257 cussa
293 4202 326 4254 et
351 4191 453 4276 plagis
477 4190 584 4274 plena,
597 4191 683 4253 unde
706 4190 810 4252 nullas
833 4190 961 4252 invenio
983 4189 1092 4274 plagas
1113 4190 1232 4273 quibus

179 4295 376 4378 confringam
399 4293 550 4356 duritiam
575 4301 720 4356 vestram.
766 4291 817 4356 Eo
844 4292 929 4356 enim
952 4292 1066 4357 crescit
1087 4293 1232 4377 nequitia
