3000 5040
189 460 305 567 aaut}
427 489 475 541 mr
501 490 768 542 rnsrnucrronn
794 491 1007 544 aarncraun.
1183 466 1240 536 19'7

187 637 365 722 palatiique
380 637 542 721 praelectis
569 653 602 702 et
625 639 754 703 'caeteris
773 638 894 723 magnis
908 639 995 715 viris,
1011 647 1050 701 ut
1070 637 1132 701 tale
1155 638 1244 722 jeju·

188 739 302 817 nium,¹
317 739 444 803 cibariis
459 750 493 802 et
506 750 587 825 potu
602 741 730 826 plenius
743 742 865 805 utendo
879 752 1011 826 propter
1026 740 1167 825 corporis
1190 738 1240 802 sui

187 841 402 910 valetudinem
426 841 650 920 robustiorem,
674 844 713 907 de
736 845 828 929 cujus
847 843 999 906 nimirum
1023 841 1125 905 salute
1148 840 1240 924 regni

188 943 288 1006 totius
302 943 386 1006 salus
401 943 578 1028 plurimum
590 945 761 1029 pendebat,
777 943 895 1008 saniori
904 944 1037 1008 consilio
1051 943 1239 1018 solveretur,

187 1056 220 1108 et
244 1045 279 1108 in
303 1047 594 1130 compensationem
618 1069 776 1131 pauperes
799 1058 929 1110 centum
953 1046 1003 1110 vel
1026 1045 1157 1109 ducenti
1182 1055 1240 1107 aut

186 1146 295 1230 plures
323 1160 538 1231 pascerentur,
563 1148 756 1232 respondere
782 1158 1007 1212 consueverat:
1044 1153 1064 1182 ‘⁶
1078 1146 1240 1230 Pauperes

186 1249 317 1332 quidem
341 1248 380 1310 de
407 1249 525 1331 quibus
549 1249 600 1312 vel
627 1260 707 1333 quot
730 1249 929 1313 mentionem
944 1248 1076 1325 fecistis,
1092 1248 1240 1311 volumus

186 1359 224 1412 ut
248 1360 436 1434 pascantur;
454 1351 618 1435 jejunium
641 1363 748 1415 tamen
767 1361 913 1414 nostrum
936 1351 1056 1414 solvere
1078 1350 1239 1424 nolumus,

186 1451 263 1534 quia
285 1451 347 1514 etsi
371 1473 435 1514 non
461 1463 593 1537 propter
608 1453 716 1517 Deum
740 1452 922 1537 animaeque
937 1453 1084 1530 salutern,
1108 1462 1240 1536 propter

185 1553 326 1637 corporis
342 1563 448 1616 tamen
464 1554 665 1617 commodum
680 1554 761 1617 hanc
776 1555 1003 1618 abstinentiam
1025 1554 1128 1617 facere
1144 1554 1241 1616 debe·

184 1675 300 1717 remus.
340 1654 481 1718 Tantum
493 1677 632 1739 namque
642 1655 874 1739 superfluitatis
886 1655 1050 1718 stomacho
1062 1666 1171 1718 nostro
1182 1677 1240 1738 per

185 1766 286 1819 totam
308 1756 540 1827 hebdomadam
565 1756 751 1840 ingerimus,
778 1757 867 1839 quod
889 1756 1030 1820 multum
1053 1757 1149 1820 unius
1175 1757 1240 1820 diei

102 1897 103 1900 =
185 1858 278 1941 quies
292 1859 413 1940 absque
428 1858 528 1921 dubio
543 1858 668 1921 confert
681 1869 747 1921 tam
762 1858 802 1921 ad
824 1860 1005 1944 appetitum
1021 1859 1240 1936 excitandum,

185 1982 282 2043 quam
296 1959 393 2022 etiam
419 1959 460 2022 ad
485 1959 656 2022 sanitatem
678 1959 820 2044 corporis
844 1961 1099 2024 conservandam.
1146 1960 1243 2030 Ideo<

186 2084 249 2144 que
271 2060 499 2124 abstinentiam
524 2061 619 2124 istam
638 2082 703 2123 non
727 2061 854 2145 corpori
879 2061 987 2124 minus
1002 2084 1099 2146 quam
1122 2061 1238 2125 animae

185 2163 300 2226 utilem
323 2161 565 2246 [profuturam],
582 2184 656 2224 cum
682 2172 715 2224 et
730 2185 845 2245 corpus
870 2173 1015 2225 nostrum
1034 2164 1185 2246 diligatis,
1206 2175 1240 2227 et

184 2265 322 2327 animam
345 2263 481 2346 amplius
497 2263 630 2345 diligere
653 2263 823 2339 deberetis,
845 2263 950 2326 facere
970 2264 1012 2333 de
1035 2276 1152 2328 caetero
1174 2279 1238 2328 non

183 2365 366 2450 impediatis
380 2386 439 2426 nec
453 2364 635 2428 dissuadere
651 2364 738 2448 quod
752 2387 818 2426 non
833 2365 978 2450 expedit,
993 2365 1228 2449 praesumatis.''

228 2467 312 2530 Item
329 2477 362 2529 et
386 2465 447 2528 hoc
463 2466 502 2528 de
527 2466 640 2529 eodem
654 2466 797 2530 notabile
812 2466 932 2544 censui,
949 2468 1036 2550 quod
1062 2467 1095 2530 in
1123 2468 1238 2531 ultimo

183 2569 345 2652 colloquio
370 2567 454 2630 inter
483 2567 590 2651 ipsum
623 2578 657 2631 et
686 2567 867 2651 Anglorum
903 2568 1028 2651 Regem
1058 2569 1238 2632 Henricum

183 2671 360 2735 secundum
385 2669 497 2732 habito
519 2677 647 2752 gestum
675 2669 750 2746 fuit,
781 2670 864 2732 sicut
888 2669 921 2732 in
948 2670 1106 2755 principio
1130 2671 1237 2734 tertiae

183 2771 408 2843 Distinctionis
438 2771 478 2833 de
506 2770 600 2833 ruina
628 2771 781 2856 principis
810 2771 976 2856 cujusdam
1004 2780 1037 2834 et
1061 2772 1238 2856 ignominia

183 2897 333 2960 expresse
360 2873 553 2950 continetur,
569 2873 627 2935 uhi
651 2873 727 2935 Rex
753 2872 947 2950 Ludovicus,
963 2874 1158 2936 enumeratis
1182 2875 1237 2937 de-

181 2999 271 3041 mum
290 2975 418 3060 injuriis
436 2974 498 3037 sibi
517 2974 557 3036 ab
573 2973 755 3058 Anglorum
769 2974 863 3058 Rege
888 2974 997 3052 illatis,
1012 2997 1121 3038 causas
1146 2998 1237 3039 revo-

181 3079 315 3143 catorias
345 3077 418 3140 Deo
455 3075 576 3139 scilicet
611 3087 645 3139 et
679 3077 802 3140 haeredi
831 3098 891 3140 suo
920 3077 1025 3140 adhuc
1056 3099 1168 3161 puero,
1202 3089 1236 3141 et

180 3181 354 3245 baronibus
383 3199 509 3241 coronae
525 3199 613 3240 cum
640 3177 811 3262 lachrymis
835 3178 1037 3257 commisit32
1060 3201 1140 3262 quas
1163 3179 1236 3262 qui-

180 3284 254 3347 dem
275 3283 384 3366 justus
407 3279 569 3342 Dominus
596 3279 637 3341 ab
667 3280 768 3343 oculis
798 3279 1059 3344 Christianissimi
1081 3282 1235 3365 principis

180 3396 246 3448 tam
271 3383 325 3467 pie
354 3393 388 3444 et
416 3393 481 3443 tam
508 3381 597 3463 juste
622 3380 804 3462 productas,
832 3403 946 3442 vacuas
974 3403 1041 3443 esse
1070 3404 1133 3443 non
1163 3405 1237 3464 per-

179 3485 287 3561 misit;
325 3503 439 3566 parum
473 3479 559 3542 enim
593 3490 667 3542 ante
694 3480 819 3542 obitum
851 3502 946 3542 suum
981 3481 1060 3564 quid
1086 3481 1235 3545 futurum

179 3595 291 3670 postea
325 3604 383 3666 per
420 3578 581 3643 haeredem
616 3602 712 3642 suum
754 3579 872 3657 fuerat,
908 3579 1072 3645 evidenter
1108 3582 1139 3646 ei
1176 3606 1235 3667 per

210 3819 222 3850 ¹
242 3817 363 3884 Bouquet
381 3813 460 3866 refers
481 3813 525 3865 the
544 3813 633 3866 reader
656 3824 683 3867 to
731 3813 916 3868 d1ctushbbas
928 3815 967 3867 for
978 3833 1011 3868 an
1024 3827 1133 3869 account
1145 3818 1233 3872 ofthis

179 3888 224 3940 the
235 3886 324 3938 letters
342 3884 371 3936 of
385 3883 455 3953 Pope
468 3883 625 3951 Alexander,
638 3883 681 3936 ad·
731 3885 897 3952 transaction,
910 3885 991 3937 under
1003 3885 1047 3938 the
1061 3903 1121 3956 year
1144 3889 1232 3954 1177,

179 3955 284 4010 dressed
305 3964 330 4006 to
350 3953 421 4022 King
442 3953 542 4016 Louis;
568 3953 742 4023 wherein(
730 3954 827 4035 (Bouq.
841 3955 896 4007 xiii.
910 3973 943 4094 p.
957 3957 1015 4023 173,
1031 3956 1157 4009 Hearne's
1176 3958 1230 4010 edi·

178 4028 224 4080 the
242 4026 313 4094 Pope
330 3993 554 4103 prescribeswhdt
573 4022 627 4074 diet
648 4023 681 4076 he
729 4024 793 4091 tion,
786 4024 943 4146 ‚pirsslssp
966 3996 1101 4105 obderving
1125 4026 1232 4097 further,

178 4095 272 4150 should
281 4111 327 4146 use
337 4111 370 4145 on
380 4092 491 4162 Frrdays
503 4091 573 4144 and
567 4110 594 4144 ιι]
604 4093 679 4146 Lent
729 4093 785 4145 that
853 4093 927 4146 aldus
944 4094 1031 4146 has'
1006 4113 1082 4163 given
1103 4113 1118 4147 a
1138 4070 1232 4167 deepei

178 4168 236 4219 Bou
255 4174 308 4230 net,
321 4162 436 4228 Recueil,
450 4162 499 4215 dre.
511 4179 554 4213 xv
567 4165 626 4216 823.
728 4163 860 4233 colouring
878 4172 905 4215 to
918 4163 969 4216 this
986 4165 1066 4232 affair,
1080 4164 1164 4218 which
1177 4185 1229 4221 was

212 4184 352 4287 ’deeihis
365 4232 482 4301 History,
457 4235 583 4354 y,..p86
622 4232 678 4284 The
728 4233 774 4284 of
773 4250 871 4285 amore
884 4234 955 4302 quiet
973 4233 1024 4286 and
1036 4234 1127 4305 pacilio
1140 4246 1230 4291 nature

178 4307 272 4360 editors
293 4303 321 4356 of
337 4303 456 4371 Bouquet
472 4319 499 4354 re
511 4319 538 4354 er
550 4311 577 4354 to
594 4301 678 4354 Bene·
728 4303 789 4355 than
802 4303 834 4356 he
847 4301 995 4356 describes
988 4313 1018 4357 rt.
