3000 5040
410 535 459 584 mr
485 534 753 585 rusrnucrroun
778 533 993 585 rnrucrrun.
1188 511 1228 581 75

173 693 278 748 ratore
304 683 475 748 Frederico
498 685 539 749 ad
568 684 751 769 Anglorum
778 685 904 768 Regem
933 681 1148 757 transmissio‚·
1171 679 1230 763 qui

174 787 259 850 inter
278 797 430 871 nepotem
451 786 670 871 Imperatoris,
687 786 867 849 Henricum
889 785 1021 860 scilicet,
1038 794 1104 848 tam
1128 783 1230 847 Saxo-

174 888 238 951 niae
262 888 389 952 Ducem
422 911 521 975 quam
548 888 704 965 Bavariae,
728 898 761 952 et
788 889 973 972 primaevam
1005 886 1106 969 Regis
1131 885 1231 948 filiam

175 992 356 1070 Matildem,
395 991 592 1056 matrimonii
632 992 841 1055 contrahendi
872 1013 982 1055 suasor
1019 990 1134 1054 efficax
1168 988 1232 1052 fac-

176 1102 228 1157 tus
265 1104 315 1158 est
353 1104 387 1157 et
420 1116 598 1178 persuasor.
658 1093 846 1158 Schismatis
884 1115 1015 1177 quoque
1051 1112 1116 1176 quo
1152 1099 1232 1154 tunc

176 1194 388 1268 Alemannica
413 1195 829 1273 exorbitabatur'ecclesia,
852 1195 957 1260 factus
984 1194 1140 1270 incentor,
1165 1214 1232 1255 non

176 1299 336 1363 obtentor.
391 1297 511 1363 Contra
548 1298 639 1362 Petri
675 1307 782 1361 tamen
817 1297 1000 1361 cathedram
1033 1294 1233 1360 Cantuariae-

177 1422 240 1484 que
275 1401 447 1484 praesulem
483 1422 548 1464 non
585 1400 680 1483 longe
715 1409 790 1483 post
824 1399 913 1482 regio
952 1397 1068 1474 edicto,
1104 1396 1235 1480 publica

176 1523 235 1585 per
258 1523 394 1584 regnum
429 1501 596 1586 pejeratio.
650 1501 721 1564 Nec
750 1522 850 1578 mora,
876 1500 986 1564 nuncii
1022 1499 1136 1575 Ducis,
1168 1509 1235 1560 tam

180 1602 295 1666 Comes
321 1625 363 1666 sc.
390 1601 604 1680 Gunceliuus,
629 1624 725 1685 quam
753 1602 808 1665 alii
833 1610 1052 1687 praepotentes
1083 1599 1234 1662 Saxoniae

176 1704 247 1782 riri,
270 1714 403 1788 propter
424 1703 524 1766 filiam
539 1704 640 1788 Regis
655 1703 691 1765 in
713 1703 864 1786 Angliam
886 1714 1054 1767 venerunt.
1100 1700 1236 1766 Henrici

179 1805 267 1870 tertii
290 1805 349 1868 filii
378 1803 526 1881 Henrici,
555 1802 590 1866 iu
623 1802 864 1867 cantuariensis
901 1803 1044 1868 ecclesiae
1080 1802 1236 1888 praejudi-

179 1907 275 1983 cium,
302 1905 462 1969 celebrata
490 1903 669 1967 Londoniis
699 1905 739 1968 ab
770 1904 967 1969 Eboracensi
994 1904 1236 1990 Archipraesule

179 2007 309 2091 Rogero
346 2007 519 2071 coronatio.
572 2006 695 2072 Nuncii
731 2007 771 2070 de
808 2006 967 2092 Hispania
1001 2007 1102 2071 filiam
1136 2007 1237 2091 Regis

179 2109 323 2188 Alienor,
339 2108 480 2174 Anfulso
496 2108 583 2192 Regi
598 2107 748 2172 Toletani
763 2117 796 2172 et
812 2107 960 2174 Castellae
980 2109 1123 2193 legitime
1139 2132 1237 2194 copu-

178 2211 305 2274 landam
319 2212 439 2275 obnixe
453 2211 653 2295 postulantes
668 2221 701 2275 et
715 2211 924 2296 impetrantes
943 2213 1109 2277 advenere.
1154 2212 1238 2275 Der-

179 2312 267 2375 micii
281 2312 434 2396 Lageniae
450 2312 609 2396 Principis
630 2313 664 2376 in
687 2312 825 2375 exilium
847 2314 974 2398 depulsi
995 2315 1036 2377 ad
1056 2313 1238 2397 Anglorum

179 2413 305 2496 Regem
319 2414 466 2490 accessio,
482 2423 596 2477 ettam
617 2413 825 2498 Stephanidae
841 2415 956 2499 primo,
974 2437 1070 2498 quam
1086 2415 1240 2478 Richardi

181 2514 317 2578 Comitis
339 2516 573 2598 subsequenter
594 2515 629 2578 in
650 2515 843 2580 Hiberniam
864 2516 1092 2580 transfretatio.
1138 2515 1239 2601 Apud

181 2615 395 2680 Powisensem
409 2616 604 2700 provinciam
619 2616 737 2681 nobilis
749 2616 829 2680 Albi
845 2617 1037 2682 Monasterii
1053 2618 1237 2703 expeditio:

179 2726 213 2780 et
224 2718 368 2802 ejusdem
379 2740 444 2780 non
456 2718 576 2802 absque
589 2717 738 2781 damnosa
751 2717 900 2782 obsidum
910 2719 1193 2796 demembratione,
1206 2731 1239 2784 et

178 2820 319 2884 hostium
334 2819 548 2904 complurium
570 2820 817 2904 interruptione,
831 2820 1030 2884 exuberante
1049 2821 1239 2906 pluvialium

177 2943 334 3005 aquarum
373 2922 583 2986 inundatione
622 2921 782 2985 indemnis
825 2922 972 2986 reversio.
1041 2923 1237 3008 Martyrium

179 3023 337 3088 Thomae:
376 3025 486 3088 crebra
523 3024 751 3088 miraculorum
788 3025 975 3088 coruscatio.
1035 3024 1237 3090 Nobilissimi

177 3125 238 3189 viri
269 3137 303 3189 et
339 3136 477 3211 utraque
515 3126 611 3190 simul
647 3136 713 3190 tam
748 3126 837 3211 genii
868 3149 965 3210 quam
1001 3127 1133 3212 ingenii,
1171 3137 1237 3191 tam

179 3226 277 3289 animi
292 3250 388 3310 quam
412 3228 496 3292 atavi
519 3228 690 3293 nobilitate
711 3227 853 3312 praediti,
871 3239 905 3291 et
926 3229 1015 3312 regia
1038 3230 1136 3314 stirpe
1153 3252 1237 3314 prae·

179 3328 266 3404 clari,
277 3329 411 3393 Henrici
423 3328 659 3394 Wintoniensis
670 3329 824 3415 Episcopi
835 3331 923 3414 apud
934 3330 1137 3395 Wintoniam
1148 3331 1235 3394 felici

177 3429 242 3496 fine
258 3431 417 3495 discessio.
454 3431 555 3516 Regis
569 3432 604 3495 in
620 3431 813 3494 Hiberniam
828 3453 993 3496 excursus.
1033 3432 1236 3516 Conspi'ratio

178 3540 244 3594 tam
267 3554 435 3615 procerum
461 3533 495 3595 in
516 3533 706 3616 principem,
728 3554 826 3615 quam
847 3532 987 3597 filiorum
1008 3533 1043 3595 in
1058 3543 1235 3617 parentem.

178 3632 330 3695 Duorum
344 3633 563 3696 Cardinalium
576 3633 611 3695 in
627 3632 859 3695 Normanniam
873 3633 1029 3696 adventus
1047 3644 1086 3697 ut
1099 3634 1140 3697 de
1154 3657 1237 3697 mar-

179 3733 259 3817 tyris
287 3743 390 3796 morte
415 3733 605 3796 scrutinium
628 3732 783 3796 facerent.
828 3733 929 3815 Regis
955 3735 1093 3797 reversio
1112 3744 1146 3798 et
1171 3746 1237 3800 tam

178 3833 285 3896 subita
299 3833 339 3896 ab
356 3833 516 3898 Hibernia
527 3834 562 3896 in
578 3832 778 3912 Cambriam3
801 3856 820 3897 a
837 3833 985 3897 Cambria
1004 3834 1039 3896 in
1054 3835 1234 3920 Loegriam,

177 3955 197 3996 a
219 3933 357 4018 Loegria
375 3935 410 3998 in
430 3935 660 3999 Normanniam
683 3935 906 4014 transvolatio;
930 3947 965 3999 et
984 3939 1152 4021 repentina
1169 3949 1234 4002 tam

179 4035 397 4102 Cardinalium
413 4061 511 4123 quam
532 4038 728 4102 Francorum
743 4037 844 4120 Regis
864 4038 1080 4122 complacatio.
1126 4041 1236 4106 Prima

177 4139 279 4221 Regis
298 4140 437 4224 junioris
453 4161 526 4203 cum
549 4139 676 4203 duobus
702 4139 856 4204 fratribus
879 4141 944 4204 suis
970 4141 1005 4203 in
1027 4141 1193 4206 Franciam
1216 4167 1235 4208 a

175 4251 267 4324 patre
292 4241 453 4306 discessio.
500 4241 585 4305 Belli
614 4241 772 4304 biennalis
802 4253 835 4306 et
864 4242 1033 4327 plusquam
1059 4244 1159 4310 civilis
1185 4247 1235 4310 in-

561 4375 568 4408 ¹
589 4373 770 4440 Exortcbatur,
784 4374 841 4429 MS.
