3000 5040
272 480 335 543 168
573 499 757 548 (1111111111
782 499 1008 548 1111111111

271 669 371 732 regno
393 647 520 732 praelati
543 648 746 712 ecclesiastici
772 649 868 712 urbes
891 649 1074 732 possideant
1095 647 1164 710 fere
1184 658 1324 712 cunctas.

272 748 439 832 Respectu
463 750 648 813 reddituum
671 760 705 813 et
730 771 882 832 gazarum
907 749 1115 833 Imperatoris
1142 749 1253 812 Graeci
1276 750 1328 812 vel

272 851 370 914 etiam
396 851 497 935 Regis
522 852 634 929 Siculi,
662 862 736 914 ante
767 853 935 935 utriusque
961 862 1026 914 tam
1052 851 1143 934 regui
1168 851 1255 913 illius
1281 874 1324 914 sc.

272 975 368 1036 quam
394 953 520 1036 imperii
545 976 603 1037 per
625 953 759 1016 Latinos
783 953 1043 1029 destructionem,
1059 953 1221 1016 modicum
1245 952 1327 1015 illud

272 1065 306 1117 et
320 1055 411 1138 quasi
426 1058 484 1138 pro
494 1054 597 1118 nihilo
608 1055 834 1138 reputandum.
878 1051 967 1117 Urbs
981 1053 1100 1117 etenim
1116 1076 1181 1116 una
1194 1051 1325 1130 Siciliae,

273 1155 440 1220 Palemica
451 1156 584 1233 scilicet,
600 1156 673 1240 plus
688 1156 768 1220 certi
789 1155 934 1219 redditus
949 1155 1036 1239 Regi
1060 1155 1170 1219 Siculo
1193 1155 1326 1239 singulis

272 1259 363 1321 annis
386 1258 518 1321 reddere
544 1258 636 1334 solet,
663 1280 760 1341 quam
790 1257 972 1340 Anglorum
1000 1257 1085 1340 Regi
1112 1278 1198 1320 nunc
1220 1256 1328 1320 reddit

275 1359 396 1442 Anglia
409 1365 503 1423 tota.¹

317 1461 452 1525 Dictum
480 1473 588 1526 autem
618 1463 719 1548 Regis
749 1463 1011 1528 christianissimi
1037 1461 1204 1538 Ludovici,
1227 1462 1327 1546 patris

275 1564 397 1628 scilicet
426 1565 527 1648 Regis
555 1566 698 1651 Philippi
723 1567 983 1630 Normannorum
1006 1565 1123 1642 mallei,
1148 1575 1327 1628 memoratu

275 1667 419 1749 dignum,
436 1676 469 1729 11
482 1667 535 1730 hic
549 1690 709 1752 apponere
731 1679 851 1753 praeter
864 1691 932 1732 rem
946 1691 1011 1731 non
1026 1666 1148 1752 putavi.
1194 1665 1235 1728 In
1257 1668 1327 1750 ejus

272 1792 412 1852 namque
423 1770 596 1852 praesentia
611 1771 650 1832 de
661 1771 755 1833 variis
767 1771 897 1855 Regum
913 1781 946 1834 et
958 1771 1193 1855 Imperatorum
1209 1767 1329 1830 divitiis

273 1871 377 1933 faetus
400 1893 503 1933 sermo
530 1872 692 1955 quondam
714 1871 790 1949 fuit,
805 1872 896 1935 nulla
921 1894 1050 1957 prorsus
1077 1871 1116 1933 de
1131 1869 1327 1932 Francorum

273 1994 372 2053 regno
383 1973 547 2035 mentione
559 1972 654 2036 facta.
677 1973 792 2037 Veluti
803 1974 994 2038 Graecorur'n
1004 1970 1156 2058 purpuris
1169 1983 1203 2036 et
1212 1970 1328 2054 pannis

274 2073 468 2150 holosericis,
484 2074 618 2156 gemmis
633 2097 763 2158 quoque
785 2076 945 2160 pretiosis,
961 2074 1139 2160 ceterisque
1154 2071 1329 2160 opulentiis

274 2173 418 2258 ipsorum
435 2175 546 2238 multis
568 2185 602 2238 et
626 2177 759 2260 magnis.
805 2177 856 2240 De
873 2177 1055 2240 Siculorum
1069 2178 1157 2262 gazis
1179 2174 1329 2260 gemmis-

274 2299 351 2360 que,
375 2277 513 2340 metallis
536 2288 601 2340 tam
624 2278 749 2341 rutilis²
773 2279 896 2342 scilicet
920 2302 1016 2363 quam
1042 2275 1187 2354 tumulis,
1209 2275 1329 2360 quibus

275 2379 443 2442 abundant
470 2378 716 2462 copiosissimis3
747 2391 781 2444 et
809 2380 1073 2465 Hispanensium,
1099 2389 1217 2464 praeter
1252 2399 1329 2460 opes

274 2489 395 2542 ceteras
418 2491 452 2542 11
476 2480 546 2542 auri
569 2479 719 2563 pallentis
743 2481 867 2566 copiam
890 2504 1049 2565 magnam,
1076 2481 1168 2565 equis
1194 2479 1330 2563 egregiis

277 2604 358 2665 quos
380 2581 484 2665 patria
508 2581 651 2664 gignavit
667 2593 710 2666 „et
731 2583 993 2667 generosissimis.
1040 2582 1124 2646 Item
1147 2593 1181 2646 et
1196 2583 1235 2645 de
1250 2580 1329 2644 Ale·

276 2682 430 2746 mannicis
451 2693 644 2746 armatorum
666 2684 798 2762 viribus,
814 2684 1040 2768 bellicosisque
1064 2684 1140 2748 viris
1162 2692 1196 2747 et
1217 2683 1330 2746 robus—

276 2784 328 2860 tis,
355 2785 460 2868 deque
490 2785 699 2848 multitudine
722 2787 868 2870 gentium
898 2796 932 2850 et
959 2786 1149 2850 fortitudine
1175 2785 1328 2860 virorum,

277 2885 511 2969 experientiam
552 2887 656 2950 solum
692 2888 927 2971 congrediendo
969 2887 1181 2972 cupientium,
1224 2887 1329 2970 deque

275 2987 385 3050 lurore
402 2987 592 3065 Teutonico,
608 2988 712 3072 primo
734 2989 770 3051 in
792 2989 912 3072 praeliis
935 2988 1060 3072 impetu
1074 2987 1131 3050 vix
1152 2987 1328 3065 tolerando,

278 3098 311 3151 et
328 3087 395 3170 [de]
415 3087 599 3151 Saxonibus
610 3089 705 3172 longe
721 3091 980 3174 expeditissimis.
1053 3117 1056 3124 ·

323 3189 408 3251 Item
431 3200 464 3252 et
485 3189 524 3251 de
543 3187 660 3272 parcis³
680 3190 819 3253 ferarum
842 3191 877 3254 in
900 3191 1022 3277 Anglia
1048 3204 1081 3256 et
1102 3188 1215 3257 ferinae‘
1240 3192 1332 3276 copia

279 3289 379 3367 tanta,
396 3289 597 3373 silvestrique
611 3293 819 3370 recreatione,
836 3316 1016 3379 canumque
1031 3295 1127 3358 simul
1148 3305 1215 3358 tam
1236 3315 1332 3356 cursu

278 3391 380 3455 veloci
395 3414 492 3475 quarn
506 3391 731 3456 vociferatione
747 3395 906 3472 concordi,
922 3418 1015 3460 aures
1038 3407 1072 3460 et
1096 3397 1206 3459 oculos
1229 3394 1333 3458 delec-¹

280 3503 380 3569 tante,
396 3493 500 3576 deque
515 3493 644 3556 metallo
658 3504 753 3557 terrae
773 3495 861 3559 illius
876 3496 1014 3573 tinnulo,
1029 3498 1219 3581 argentique
1232 3505 1334 3579 puteo

280 3595 337 3656 vix
362 3594 593 3671 exhauriend0,
609 3596 700 3679 cujus
716 3597 935 3660 dominatum⁴
956 3607 1083 3662 tantum
1106 3607 1219 3661 ettam
1239 3606 1333 3681 patu·

1353 3470 1368 3500 Ι

316 3751 324 3782 ¹
339 3749 441 3870 {Pieli
454 3751 489 3821 by
501 3752 579 3803 Brom
599 3760 652 3818 ton,
664 3770 690 3822 p.
705 3757 781 3805 1011.
834 3763 859 3805 et
872 3721 1076 3805 Relitensibus.’'
1114 3751 1171 3804 The
1185 3749 1255 3802 word
1268 3751 1335 3803 rica-

301 3819 326 3900 .⁹
354 3819 401 3900 ¹he
423 3819 517 3872 editors
539 3822 568 3873 of
609 3831 705 3902 auquet
722 3822 782 3874 read
834 3820 1335 3942 11111111111111Β11111Ε1111(111145)

282 3889 387 3953 ecculm
407 3889 457 3950 and
473 3889 535 3941 then
548 3890 598 3942 add
611 3890 662 3942 thrs
675 3892 782 3958 remark,
833 3892 880 3944 but
893 3891 1016 3962 certainly
1025 3900 1070 3945 not
1082 3908 1110 3942 1n
1121 3900 1132 3942 t
1151 3907 1166 3942 e
1178 3907 1252 3942 sense
1254 3906 1336 4010 given

281 3957 457 4027 “Legendum
476 3959 542 4011 forte
561 3960 680 4028 reticulis,
698 3961 735 4012 ita
755 3969 784 4012 ut
834 3970 861 4013 to
875 3961 896 4012 it
914 3961 950 4031 by
961 3960 1045 4030 Bouq.
1082 3959 1180 4012 lhave
1198 3977 1232 4011 no
1272 3958 1334 4010 oubt

282 4045 373 4079 sensus
385 4028 427 4093 sit,
440 4036 493 4080 tarn
512 4029 539 4080 in
557 4029 695 4099 marsupiis
707 4048 783 4099 quam
834 4029 890 4082 that
902 4029 945 4081 the
957 4047 1064 4100 passage
1077 4029 1099 4082 is
1112 4036 1223 4098 corrupt,
1233 4027 1283 4080 aad
1295 4027 1336 4079 for

282 4097 308 4160 in
321 4097 387 4149 arcis
399 4097 555 4162 reconditis;
568 4098 705 4168 interprete
713 4116 785 4151 narn·
835 4099 936 4152 tumulis
953 4117 992 4151 we
1012 4098 1104 4151 should
1123 4097 1184 4151 read
1207 4097 1336 4150 tumulatis

282 4182 332 4233 que
346 4166 444 4234 Cangio
456 4167 482 4218 in
501 4167 541 4220 his
554 4167 669 4232 vocibuS,
683 4167 785 4236 Ricula,
835 4186 862 4220 or
871 4168 984 4269 perhaps
996 4168 1135 4222 cartulatis.

281 4234 352 4287 idem
371 4243 445 4291 sonat
457 4236 525 4304 quod
537 4236 653 4302 reticula,
667 4247 691 4289 et
705 4247 786 4290 tumu—
900 4237 975 4304 Pace,
995 4237 1053 4290 MS.

282 4303 320 4355 las
331 4320 452 4357 mensura
470 4305 621 4374 capacitatis
640 4315 679 4359 est
692 4307 786 4360 Siculis
872 4308 882 4337 ⁴
904 4307 965 4371 Tam
977 4309 1085 4378 11111111,
1099 4307 1156 4360 MS.
