3000 5040
118 432 160 496 60
429 449 609 501 cmrnnus
634 449 859 502 crnnauusrs

117 597 218 662 totius
244 606 310 661 tam
337 597 413 661 cleri
440 621 536 683 quam
562 599 675 684 populi
701 601 845 664 unanimi
867 612 941 666 voto
965 611 1000 665 et
1021 603 1174 668 acclama-

118 701 216 777 tione,
242 700 333 783 regni
361 700 539 765 dominium
564 725 638 765 cum
668 702 805 767 castellis
834 727 965 789 quoque
995 728 1069 789 quae
1099 717 1174 770 ante

117 798 396 887 petierat,'eidem
425 803 546 867 obtulit
573 813 607 866 et
635 805 891 889 subjectionem
929 806 1111 890 supplicans
1140 807 1175 868 in

117 901 297 987 lachrymis,
329 912 362 984 et
390 903 431 965 ad
461 903 550 988 regia
577 926 683 988 genua
710 906 899 989 provolutus
925 906 1092 970 humiliter
1121 908 1175 970 de·

117 1003 256 1088 plorans,
280 1012 441 1088 quatenus
465 1005 505 1068 ad
529 1014 623 1068 terrae
649 1016 768 1069 sanctae
790 1008 830 1071 ab
853 1007 999 1072 hostibus
1012 1007 1088 1072 fidei
1107 1009 1175 1092 jam

119 1105 324 1189 desperanter
349 1104 488 1184 afflictae,
510 1106 720 1192 specialisque
745 1108 933 1192 patrimonii
954 1107 1073 1171 Christi
1097 1107 1176 1171 Jesu

119 1207 622 1272 subventionemmisericorditer
630 1220 822 1273 moveretur.
860 1209 1018 1294 Alioquin
1034 1230 1175 1272 asserens

121 1305 222 1392 (quod
243 1308 328 1372 iufra
349 1308 518 1373 biennium
542 1321 624 1395 post>
639 1311 746 1374 evenit
757 1311 781 1395 ¹)
805 1320 838 1374 et
855 1322 962 1375 mente
984 1310 1174 1394 plerumque

119 1432 254 1495 presaga
262 1410 419 1474 malorum
428 1410 564 1476 firmiter
575 1434 766 1490 asseverans,
775 1435 910 1496 regnum
919 1412 1102 1476 universum
1116 1411 1149 1473 in
1163 1417 1175 1451 ²

122 1511 353 1576 Saracenorum
374 1522 407 1577 et
435 1512 568 1590 Saldini,
592 1523 657 1577 tam
682 1514 898 1598 Egyptiorum
925 1536 1021 1598 quam
1042 1513 1176 1576 Damas-

122 1636 274 1678 cenorum
289 1620 367 1678 tu'nc
380 1615 546 1700 principis,
554 1637 667 1678 manus
676 1616 842 1698 sacrilegas
857 1615 890 1678 in
904 1615 994 1678 brevi
1009 1614 1177 1678 devolven-

122 1715 210 1778 dum.
254 1714 395 1778 Litteras
407 1715 504 1778 etiam
518 1725 703 1798 magnatum
715 1715 807 1798 regni
822 1715 974 1791 virorum,
995 1715 1095 1798 signis
1111 1715 1176 1777 suis

122 1815 289 1899 impressas
304 1815 339 1877 id
350 1825 455 1878 totum
470 1816 687 1891 testificantes,
700 1837 833 1898 seseque
847 1838 890 1878 ex
902 1825 981 1892 toto,
991 1838 1064 1878 cum
1076 1836 1175 1898 regno

121 1915 271 1980 universo
286 1922 344 1978 suo'
359 1915 539 1978 dominatui
553 1916 792 1992 submittentes,
809 1915 913 1979 eidem
926 1915 1083 2000 porrexit.

165 2016 221 2078 Ad
248 2016 319 2078 haec
343 2016 466 2080 litteras
493 2016 609 2079 summi
634 2015 811 2093 Pontificis‚
839 2016 895 2100 qui
926 2025 1003 2079 tunc
1031 2015 1176 2100 praefuit,

122 2116 229 2194 Lucii,
256 2117 411 2180 suasorias
439 2117 572 2201 quidem
600 2118 640 2180 ad
667 2117 729 2180 hoc
759 2117 1009 2201 aggrediendum
1049 2117 1117 2199 (sed
1145 2127 1178 2179 et

122 2220 246 2282 utinam
260 2209 474 2303 persuasorias
486 2221 493 2282 l
504 2220 534 2304 );
558 2220 738 2284 districtum
755 2243 884 2304 quoque
906 2221 940 2283 in
956 2221 1032 2296 fine,
1046 2231 1178 2304 propter

123 2320 335 2403 obligationes
352 2320 429 2383 olim
452 2343 549 2406 super
571 2321 632 2385 hoc
647 2321 757 2398 factas,
774 2332 807 2384 et
825 2320 1049 2405 promissiones
1071 2344 1183 2385 coram.

124 2420 254 2504 Legatis
285 2430 318 2484 et
351 2420 507 2485 Ecclesiae
539 2422 696 2486 Romanae
727 2422 950 2486 Cardinalibus
982 2432 1178 2486 sacramento

123 2521 273 2598 firmatas,
297 2525 583 2607 praeceptumsub
610 2524 871 2588 interminatione
900 2524 1110 2600 continentes
1148 2523 1178 2586 ei

124 2621 270 2687 similiter
284 2623 396 2687 nuncii
411 2623 510 2710 Papae
526 2633 604 2689 tuuc
618 2636 799 2710 portarunt,
814 2625 849 2690 in
862 2626 949 2690 hunc
964 2626 1104 2690 modum.

545 2838 626 2902 Cur.
650 2837 769 2902 XXV.

126 2990 258 3052 Litterae
271 2987 369 3049 Lucii
390 2986 513 3069 Papa?
528 2994 592 3047 tom
604 2981 773 3049 monitorio
788 3007 881 3069 quam
897 2987 1079 3064 minotort'ae,
1095 2987 1179 3070 Reqt

466 3087 607 3150 Henrieo
623 3092 696 3149 tunc
711 3086 846 3149 directe.

0 3313 95 3405 :¹¹
131 3322 258 3386 Christo
285 3321 353 3384 filio
387 3319 530 3384 Henrieo
565 3320 685 3383 illustri
710 3319 892 3404 Anglorum
919 3319 1015 3402 Regi,
1045 3320 1187 3382 salutem

1 3406 99 3514 ffii,
130 3433 164 3488 et
199 3423 404 3507 apostolicam
438 3421 703 3486 benedictionem.
764 3419 847 3484 Cum
876 3420 984 3484 cuncti
1018 3422 1183 3504 predeces-

0 3514 120 3604 '.
131 3546 216 3588 sores
239 3525 288 3588 tui
311 3547 379 3609 prae
407 3525 520 3588 ceteris
542 3535 637 3588 terrae
662 3523 860 3609 principibus
882 3544 1042 3586 armorum
1070 3522 1182 3604 gloria,

0 3602 113 3694 'v0w.¹¹⁸⁰f
131 3636 169 3690 nt
181 3625 279 3690 animi
295 3626 465 3690 nobilitate
485 3626 579 3710 longe
593 3635 679 3690 retro
694 3625 889 3702 claruerunt,
905 3626 1024 3707 eosque
1038 3622 1183 3687 fidelium

130 3727 270 3812 populus
306 3726 423 3790 habere
464 3726 499 3790 in
536 3749 593 3790 sua
621 3726 768 3790 didicerit
796 3724 985 3790 adversitate
1021 3734 1183 3809 patronos,

131 3829 246 3894 merito
266 3827 306 3891 ad
328 3839 360 3891 te
382 3850 446 3891 non
468 3836 594 3891 tantum
615 3827 717 3911 regni,
734 3827 789 3890 sed
810 3837 1013 3910 paternarum
1027 3826 1185 3890 virtutum

131 3930 303 4006 haeredem,
342 3931 480 4013 quadam
523 3929 693 3993 securitate
734 3928 921 4004 recurritur,
962 3928 1020 3993 ubi
1062 3927 1184 4012 populo

170 4124 282 4178 ¹Bt'sin
295 4125 351 4178 MS.
455 4123 530 4192 ²Et,
541 4124 599 4178 MS.
685 4124 712 4176 in
732 4123 866 4192 Hoveden,
878 4142 909 4246 p.
925 4122 1049 4191 358,aud
1070 4123 1097 4174 in
1114 4123 1184 4175 Bou-

170 4195 268 4266 ⁸Pope
307 4195 400 4248 Lucius
435 4193 487 4246 Ill.
554 4193 634 4246 Other
685 4202 754 4264 quet,
765 4193 827 4246 xvii.
840 4210 865 4262 p.
897 4196 939 4247 6³.

135 4265 223 4335 copies
235 4265 264 4317 of
283 4265 333 4318 this
353 4264 429 4317 letter
441 4262 493 4316 will
511 4262 543 4315 be
555 4262 634 4315 found
