3000 5040
418 529 467 579 nu
493 531 758 582 msrnuoviouu
784 533 997 584 ramorruu.
1197 515 1238 586 77

181 685 247 749 vita
259 685 420 770 suffragiis
436 683 528 749 exilii
543 692 688 767 tempore
703 691 794 745 tanta
808 682 975 767 diligentia
992 685 1239 768 sustentaverat)

180 786 325 870 ejusdem
340 787 375 850 in
389 796 492 850 morte
507 783 657 867 suffragia
672 783 784 846 devote
804 783 1025 868 postulaturus
1048 785 1190 862 accessit,
1207 798 1241 850 et

181 889 302 973 scypho
323 910 421 952 aureo
444 899 509 951 tam
529 886 606 950 artis
628 907 725 969 quam
745 885 889 951 materiae
911 888 1079 972 majestate
1100 909 1167 950 non
1189 887 1241 950 in-

181 991 269 1069 fimo,
280 991 315 1054 in
329 991 399 1054 loco
414 990 472 1054 ubi
487 1011 611 1055 sacrum
624 1009 739 1075 corpus
753 987 955 1077 reconditum
969 988 1077 1052 fuerat
1091 989 1241 1055 decenter

182 1092 302 1170 oblato,
329 1115 402 1156 oum
427 1092 467 1155 ad
490 1089 639 1174 martyris
667 1089 811 1156 tumbam
838 1099 1017 1173 prostratus
1041 1090 1241 1174 aliquamdiu

182 1194 383 1271 declinasset,
410 1204 444 1258 et
472 1193 507 1254 in
533 1192 650 1255 dextro
676 1189 816 1253 lateralis
854 1191 1088 1276 marmoreique
1125 1193 1242 1278 lapidis
1310 1202 1312 1206 '

182 1296 338 1359 foramine
365 1306 478 1379 aptum
494 1303 620 1357 coronae
635 1300 733 1374 caput
748 1290 870 1355 diutius
885 1293 1096 1376 apposuisset,
1112 1294 1242 1359 demum

183 1397 223 1462 ab
248 1397 391 1461 oratione
414 1414 592 1477 resurgens,
614 1399 654 1455 ut
675 1391 941 1474 peregrinationis
966 1416 1034 1457 suae
1057 1397 1242 1460 memoriam

182 1509 340 1584 perpetua
364 1496 535 1580 largitione
562 1492 714 1568 muniret,
736 1493 916 1559 astantibus
933 1493 1027 1578 Rege
1050 1495 1242 1579 Anglorum,

185 1600 329 1663 Henrico
353 1594 599 1663 Flandrensium
628 1593 755 1658 Comite
785 1593 939 1679 Philippo
964 1619 1090 1662 necnon
1120 1609 1154 1662 et
1180 1597 1243 1663 loci

187 1701 330 1786 ejusdem
354 1712 419 1764 tarn
436 1696 677 1781 Archipraesule
695 1719 792 1781 quam
816 1695 1001 1763 Conventus
1024 1699 1146 1776 Priore,
1170 1721 1247 1775 cum,

185 1802 255 1868 aliis
265 1801 341 1865 viris
354 1801 489 1884 magnis,
501 1798 723 1862 Cantuariensi
737 1799 886 1862 coenobio
899 1810 1029 1865 centurn
1040 1801 1106 1865 vini
1121 1802 1244 1866 modios

185 1903 351 1988 annuatim
366 1901 535 1987 impendit.
564 1900 713 1964 Secunda
727 1900 877 1964 discessio
890 1901 991 1984 Regis
1004 1901 1141 1967 Henrici
1156 1903 1245 1968 tertii

186 2017 220 2069 et
235 2004 371 2068 Comitis
387 2002 550 2080 Gaufridi,
567 2012 601 2067 et
613 2024 699 2066 mors
713 2001 879 2086 inopinata
893 2001 994 2088 Regis
1004 2004 1144 2089 junioris
1158 2005 1246 2088 apud

187 2105 398 2172 Martellium.
428 2103 599 2168 Adventus
609 2101 810 2166 Coloniensis
818 2101 1063 2189 Archiepiscopi
1074 2105 1246 2171 Godefridi

186 2230 260 2272 cum
284 2207 438 2290 Philippo
457 2204 704 2270 Flandrensium
725 2203 862 2281 Comite,
888 2203 1093 2271 Cantuariam
1112 2230 1246 2290 peregre

185 2308 334 2393 profecti.
379 2307 471 2373 Mors
504 2305 640 2370 Comitis
675 2303 846 2370 Gaufredi.
891 2305 1065 2371 Adventus
1102 2307 1246 2373 Heraclii

188 2409 396 2485 Patriarchae,
408 2417 442 2473 et
453 2407 556 2491 prima
567 2407 701 2470 loannis
709 2405 767 2472 filii
780 2405 881 2489 Regis
893 2406 928 2468 in
939 2406 1131 2471 Hiberniam
1146 2419 1249 2474 trans,

187 2511 328 2575 fretatio.
374 2509 458 2575 Haec
469 2508 569 2590 igitur
579 2507 647 2572 fere
658 2506 764 2572 omnia
778 2506 861 2573 sicut
875 2528 933 2590 per
944 2508 1090 2574 ordinem
1105 2522 1181 2574 sunt
1194 2512 1247 2576 hic

188 2612 362 2696 disposita;
386 2609 431 2674 sic
454 2631 519 2673 non
541 2607 646 2691 longis
659 2608 699 2670 ab
714 2606 851 2671 invicem
866 2617 1047 2692 temporum
1064 2611 1246 2676 interstitiis

188 2713 307 2776 nostris
322 2711 437 2776 diebus
453 2709 638 2776 acciderunt
652 2718 686 2773 et
699 2730 855 2775 annorum
878 2710 993 2795 spatio,
1010 2713 1100 2795 quasi
1116 2713 1249 2797 triginta

189 2825 264 2878 tres.

233 2915 263 2980 Ο
280 2938 377 3000 quam
391 2915 531 2980 feliciter
545 2915 731 2979 successisse
757 2917 969 3000 probaverim,
986 2918 1013 2982 si
1027 2919 1082 2982 ille
1097 2921 1189 3004 cujus
1204 2921 1248 2985 ad

188 3017 323 3102 gloriam
346 3017 417 3081 haec
440 3018 673 3102 propemodum
689 3028 805 3081 cuncta
819 3019 1029 3103 contigerant,
1048 3044 1144 3104 quem
1166 3023 1247 3086 adeo

189 3120 281 3204 quasi
292 3119 486 3183 blandiendo
498 3120 533 3183 in
544 3119 678 3204 singulis
689 3120 833 3184 Fortuna
844 3120 885 3203 (si
895 3121 975 3204 quid
985 3132 1091 3186 tamen
1102 3123 1247 3190 Fortuna

189 3221 250 3303 est)
265 3220 299 3283 in
315 3230 365 3284 tot
379 3221 522 3285 articulis
537 3231 604 3285 tam
618 3221 782 3285 fortunate
796 3223 957 3306 provexit,
968 3223 1045 3287 vitae
1061 3227 1246 3311 temporalis

189 3322 379 3385 comoediam
393 3321 480 3386 felici
501 3323 567 3386 fine
582 3323 799 3407 compleverit,
816 3334 849 3387 et
864 3324 1027 3408 duplicata
1048 3326 1147 3390 immo
1163 3329 1249 3392 mul,

190 3423 334 3506 tiplicata
358 3423 475 3487 favoris
504 3425 616 3506 gratia,
643 3447 663 3487 a
690 3435 780 3488 tanta
809 3427 952 3489 terrestri
979 3427 1082 3510 gloria
1110 3431 1245 3494 transire

188 3524 325 3587 valuerit
340 3525 380 3587 ad
402 3529 573 3588 aeternaml
620 3524 694 3588 Hoc
716 3536 825 3589 autem
844 3527 995 3610 perfacile
1010 3529 1081 3591 fieri
1102 3533 1247 3613 potuisse

189 3625 389 3701 crediderim,
408 3625 435 3687 si
458 3627 499 3688 ad
523 3624 664 3687 nobilem
688 3626 777 3688 illam
800 3625 919 3690 Christi
940 3629 1141 3692 vocationem
1163 3631 1245 3714 (qui,

190 3725 282 3809 quasi
301 3747 360 3809 pro
376 3726 473 3788 tantis
495 3725 607 3808 gratiae
631 3747 698 3788 suae
718 3718 905 3790 muneribus
927 3728 975 3812 [in
994 3738 1079 3792 terra
1096 3731 1244 3815 collatis]

189 3826 386 3889 remunerari
418 3827 516 3911 petiit
545 3827 578 3889 in
610 3826 716 3910 terris)
745 3827 825 3890 citra
858 3828 965 3914 lapsus
1000 3852 1109 3897 omnes
1138 3834 1246 3898 statim

190 3928 442 4012 obtemperando
457 3950 491 3990 se
508 3935 693 4012 promptum
711 3950 747 3991 ac
768 3927 919 3994 devotum
938 3932 1138 3996 ostendisset.
1186 3934 1247 4018 [Et
1319 3935 1326 3943 ’

190 4028 247 4111 qui
289 4051 347 4113 per
386 4051 445 4092 sex
480 4029 583 4093 lustra
617 4029 737 4092 mundo
774 4039 839 4094 tam
874 4032 1012 4116 gloriose
1048 4048 1245 4118 regnaverat,

190 4129 363 4214 septimum
398 4129 511 4193 saltem
547 4130 629 4194 illud
656 4131 718 4194 viz.
748 4132 910 4196 tantillum
940 4135 1102 4218 temporis,
1133 4137 1183 4200 vel
1219 4139 1246 4203 si

189 4231 327 4314 amplius
340 4231 423 4294 forto
435 4231 599 4295 indultum
611 4231 722 4309 fuerit,
735 4232 899 4298 residuum
911 4246 1016 4299 totum
1028 4236 1100 4301 Deo
1111 4239 1246 4304 dicando

192 4330 319 4396 Christo
356 4344 527 4416 regnasset,
560 4333 858 4418 Christianitatique
888 4337 949 4402 toti
981 4338 1014 4404 in
1048 4338 1176 4404 laudem
1212 4353 1257 4405 et·
