<?xml version="1.0" encoding="UTF-8"?>
<!DOCTYPE html PUBLIC "-//W3C//DTD XHTML 1.0 Transitional//EN"
    "http://www.w3.org/TR/xhtml1/DTD/xhtml1-transitional.dtd">
<html xmlns="http://www.w3.org/1999/xhtml" xml:lang="en" lang="en">
 <head>
  <title>
</title>
<meta http-equiv="Content-Type" content="text/html;charset=utf-8" />
  <meta name='ocr-system' content='tesseract 3.04.00' />
  <meta name='ocr-capabilities' content='ocr_page ocr_carea ocr_par ocr_line ocrx_word'/>
</head>
<body>
  <div class='ocr_page' id='page_1' title='image "./giralduscambren00giragoog_0196.png"; bbox 0 0 3000 5040; ppageno 0'>
   <div class='ocr_carea' id='block_1_1' title="bbox 461 487 1278 550">
    <p class='ocr_par' dir='ltr' id='par_1_1' title="bbox 461 487 1278 550">
     <span class='ocr_line' id='line_1_1' title="bbox 461 487 1278 550; baseline -0.002 -2"><span class='ocrx_word' id='word_1_1' title='bbox 461 499 510 548; x_wconf 80' lang='lat' dir='ltr'>DE</span> <span class='ocrx_word' id='word_1_2' title='bbox 535 497 803 550; x_wconf 79' lang='lat' dir='ltr'>INSTRUCTIONE</span> <span class='ocrx_word' id='word_1_3' title='bbox 829 497 1045 550; x_wconf 84' lang='lat' dir='ltr'>PRINCIPUM.</span> <span class='ocrx_word' id='word_1_4' title='bbox 1215 487 1278 547; x_wconf 82' lang='lat'>155</span> 
     </span>
    </p>
   </div>
   <div class='ocr_carea' id='block_1_2' title="bbox 217 649 1281 1848">
    <p class='ocr_par' dir='ltr' id='par_1_2' title="bbox 217 649 1281 1848">
     <span class='ocr_line' id='line_1_2' title="bbox 223 649 1281 734; baseline 0.003 -23"><span class='ocrx_word' id='word_1_5' title='bbox 223 659 257 712; x_wconf 87' lang='lat' dir='ltr'>ct</span> <span class='ocrx_word' id='word_1_6' title='bbox 285 650 490 732; x_wconf 84' lang='lat' dir='ltr'>postmodum</span> <span class='ocrx_word' id='word_1_7' title='bbox 527 649 563 711; x_wconf 90' lang='lat' dir='ltr'>in</span> <span class='ocrx_word' id='word_1_8' title='bbox 589 649 849 728; x_wconf 91' lang='lat' dir='ltr'>Wintoniensem</span> <span class='ocrx_word' id='word_1_9' title='bbox 879 650 1098 734; x_wconf 87' lang='lat' dir='ltr'>episcopatum</span> <span class='ocrx_word' id='word_1_10' title='bbox 1126 661 1175 714; x_wconf 89' lang='lat' dir='ltr'>est</span> <span class='ocrx_word' id='word_1_11' title='bbox 1207 673 1281 734; x_wconf 90' lang='lat' dir='ltr'>pro-</span> 
     </span>
     <span class='ocr_line' id='line_1_3' title="bbox 222 751 1280 836; baseline 0.002 -23"><span class='ocrx_word' id='word_1_12' title='bbox 222 754 353 827; x_wconf 86' lang='lat' dir='ltr'>motus,¹</span> <span class='ocrx_word' id='word_1_13' title='bbox 368 751 463 834; x_wconf 89' lang='lat' dir='ltr'>eique</span> <span class='ocrx_word' id='word_1_14' title='bbox 478 752 575 814; x_wconf 86' lang='lat' dir='ltr'>verba</span> <span class='ocrx_word' id='word_1_15' title='bbox 597 773 672 834; x_wconf 86' lang='lat' dir='ltr'>quae</span> <span class='ocrx_word' id='word_1_16' title='bbox 696 751 758 815; x_wconf 89' lang='lat' dir='ltr'>sibi</span> <span class='ocrx_word' id='word_1_17' title='bbox 777 752 846 814; x_wconf 89' lang='lat' dir='ltr'>filio</span> <span class='ocrx_word' id='word_1_18' title='bbox 869 752 1002 814; x_wconf 91' lang='lat' dir='ltr'>dicenda</span> <span class='ocrx_word' id='word_1_19' title='bbox 1028 761 1120 836; x_wconf 88' lang='lat' dir='ltr'>pater</span> <span class='ocrx_word' id='word_1_20' title='bbox 1146 752 1280 836; x_wconf 88' lang='lat' dir='ltr'>injunx-</span> 
     </span>
     <span class='ocr_line' id='line_1_4' title="bbox 222 852 1279 937; baseline 0.002 -23"><span class='ocrx_word' id='word_1_21' title='bbox 222 862 302 929; x_wconf 87' lang='lat' dir='ltr'>erat,</span> <span class='ocrx_word' id='word_1_22' title='bbox 322 852 461 916; x_wconf 88' lang='lat' dir='ltr'>fideliter</span> <span class='ocrx_word' id='word_1_23' title='bbox 492 852 723 937; x_wconf 80' lang='lat' dir='ltr'>proposuisset,</span> <span class='ocrx_word' id='word_1_24' title='bbox 749 853 892 936; x_wconf 87' lang='lat' dir='ltr'>totisque</span> <span class='ocrx_word' id='word_1_25' title='bbox 914 853 1037 916; x_wconf 88' lang='lat' dir='ltr'>nisibus</span> <span class='ocrx_word' id='word_1_26' title='bbox 1059 863 1098 915; x_wconf 89' lang='lat' dir='ltr'>ut</span> <span class='ocrx_word' id='word_1_27' title='bbox 1119 863 1279 916; x_wconf 87' lang='lat' dir='ltr'>revocaret</span> 
     </span>
     <span class='ocr_line' id='line_1_5' title="bbox 223 953 1279 1038; baseline 0.001 -21"><span class='ocrx_word' id='word_1_28' title='bbox 223 955 263 1017; x_wconf 90' lang='lat' dir='ltr'>ad</span> <span class='ocrx_word' id='word_1_29' title='bbox 291 965 415 1038; x_wconf 88' lang='lat' dir='ltr'>patrem</span> <span class='ocrx_word' id='word_1_30' title='bbox 443 953 558 1030; x_wconf 89' lang='lat' dir='ltr'>filium,</span> <span class='ocrx_word' id='word_1_31' title='bbox 583 954 640 1037; x_wconf 93' lang='lat' dir='ltr'>qui</span> <span class='ocrx_word' id='word_1_32' title='bbox 669 954 755 1038; x_wconf 84' lang='lat' dir='ltr'>Regi</span> <span class='ocrx_word' id='word_1_33' title='bbox 785 955 981 1019; x_wconf 86' lang='lat' dir='ltr'>Francorum</span> <span class='ocrx_word' id='word_1_34' title='bbox 1007 955 1042 1018; x_wconf 92' lang='lat' dir='ltr'>in</span> <span class='ocrx_word' id='word_1_35' title='bbox 1067 955 1152 1018; x_wconf 91' lang='lat' dir='ltr'>dicta</span> <span class='ocrx_word' id='word_1_36' title='bbox 1180 977 1279 1018; x_wconf 81' lang='lat' dir='ltr'>werra</span> 
     </span>
     <span class='ocr_line' id='line_1_6' title="bbox 222 1055 1279 1140; baseline 0.002 -24"><span class='ocrx_word' id='word_1_37' title='bbox 222 1055 357 1118; x_wconf 87' lang='lat' dir='ltr'>firmiter</span> <span class='ocrx_word' id='word_1_38' title='bbox 381 1055 570 1131; x_wconf 75' lang='lat' dir='ltr'>adhaeserat,</span> <span class='ocrx_word' id='word_1_39' title='bbox 594 1055 700 1118; x_wconf 86' lang='lat' dir='ltr'>verbis</span> <span class='ocrx_word' id='word_1_40' title='bbox 721 1055 871 1119; x_wconf 86' lang='lat' dir='ltr'>suasoriis</span> <span class='ocrx_word' id='word_1_41' title='bbox 896 1056 952 1119; x_wconf 89' lang='lat' dir='ltr'>sed</span> <span class='ocrx_word' id='word_1_42' title='bbox 979 1078 1045 1119; x_wconf 94' lang='lat' dir='ltr'>non</span> <span class='ocrx_word' id='word_1_43' title='bbox 1072 1056 1279 1140; x_wconf 83' lang='lat' dir='ltr'>persuasoriis</span> 
     </span>
     <span class='ocr_line' id='line_1_7' title="bbox 222 1155 1279 1241; baseline 0.002 -23"><span class='ocrx_word' id='word_1_44' title='bbox 222 1155 422 1234; x_wconf 86' lang='lat' dir='ltr'>intendisset,</span> <span class='ocrx_word' id='word_1_45' title='bbox 439 1157 568 1220; x_wconf 89' lang='lat' dir='ltr'>tandem</span> <span class='ocrx_word' id='word_1_46' title='bbox 591 1155 697 1219; x_wconf 91' lang='lat' dir='ltr'>dictus</span> <span class='ocrx_word' id='word_1_47' title='bbox 713 1155 838 1235; x_wconf 85' lang='lat' dir='ltr'>Comes,</span> <span class='ocrx_word' id='word_1_48' title='bbox 855 1157 913 1240; x_wconf 93' lang='lat' dir='ltr'>qui</span> <span class='ocrx_word' id='word_1_49' title='bbox 928 1157 976 1221; x_wconf 89' lang='lat' dir='ltr'>vir</span> <span class='ocrx_word' id='word_1_50' title='bbox 997 1167 1066 1220; x_wconf 87' lang='lat' dir='ltr'>erat</span> <span class='ocrx_word' id='word_1_51' title='bbox 1084 1158 1225 1241; x_wconf 88' lang='lat' dir='ltr'>prudens</span> <span class='ocrx_word' id='word_1_52' title='bbox 1246 1168 1279 1220; x_wconf 89' lang='lat' dir='ltr'>et</span> 
     </span>
     <span class='ocr_line' id='line_1_8' title="bbox 222 1258 1278 1343; baseline 0.002 -23"><span class='ocrx_word' id='word_1_53' title='bbox 222 1259 377 1341; x_wconf 87' lang='lat' dir='ltr'>eloquens</span> <span class='ocrx_word' id='word_1_54' title='bbox 392 1258 494 1334; x_wconf 86' lang='lat' dir='ltr'>valde,</span> <span class='ocrx_word' id='word_1_55' title='bbox 510 1268 637 1321; x_wconf 85' lang='lat' dir='ltr'>torvum</span> <span class='ocrx_word' id='word_1_56' title='bbox 652 1269 691 1321; x_wconf 89' lang='lat' dir='ltr'>ut</span> <span class='ocrx_word' id='word_1_57' title='bbox 704 1258 873 1322; x_wconf 86' lang='lat' dir='ltr'>videbatur</span> <span class='ocrx_word' id='word_1_58' title='bbox 888 1259 917 1321; x_wconf 91' lang='lat' dir='ltr'>ei</span> <span class='ocrx_word' id='word_1_59' title='bbox 933 1260 1137 1343; x_wconf 71' lang='lat' dir='ltr'>praetendens</span> <span class='ocrx_word' id='word_1_60' title='bbox 1152 1259 1278 1322; x_wconf 90' lang='lat' dir='ltr'>vultum</span> 
     </span>
     <span class='ocr_line' id='line_1_9' title="bbox 223 1359 1278 1443; baseline 0.001 -21"><span class='ocrx_word' id='word_1_61' title='bbox 223 1370 257 1422; x_wconf 89' lang='lat' dir='ltr'>et</span> <span class='ocrx_word' id='word_1_62' title='bbox 285 1360 382 1422; x_wconf 88' lang='lat' dir='ltr'>verba</span> <span class='ocrx_word' id='word_1_63' title='bbox 408 1360 574 1437; x_wconf 86' lang='lat' dir='ltr'>minantia,</span> <span class='ocrx_word' id='word_1_64' title='bbox 618 1365 640 1396; x_wconf 89' lang='lat'>“</span> <span class='ocrx_word' id='word_1_65' title='bbox 656 1359 793 1437; x_wconf 88' lang='lat' dir='ltr'>Miror,”</span> <span class='ocrx_word' id='word_1_66' title='bbox 818 1360 936 1443; x_wconf 89' lang='lat' dir='ltr'>inquit,</span> <span class='ocrx_word' id='word_1_67' title='bbox 961 1366 983 1396; x_wconf 73' lang='lat'>‘⁸</span> <span class='ocrx_word' id='word_1_68' title='bbox 998 1382 1074 1443; x_wconf 89' lang='lat' dir='ltr'>quae</span> <span class='ocrx_word' id='word_1_69' title='bbox 1104 1361 1278 1436; x_wconf 88' lang='lat' dir='ltr'>temeritas,</span> 
     </span>
     <span class='ocr_line' id='line_1_10' title="bbox 217 1460 1279 1545; baseline 0 -22"><span class='ocrx_word' id='word_1_70' title='bbox 217 1483 299 1544; x_wconf 87' lang='lat' dir='ltr'>quae</span> <span class='ocrx_word' id='word_1_71' title='bbox 329 1471 361 1524; x_wconf 93' lang='lat' dir='ltr'>te</span> <span class='ocrx_word' id='word_1_72' title='bbox 389 1483 535 1545; x_wconf 88' lang='lat' dir='ltr'>praeceps</span> <span class='ocrx_word' id='word_1_73' title='bbox 564 1470 598 1524; x_wconf 92' lang='lat' dir='ltr'>et</span> <span class='ocrx_word' id='word_1_74' title='bbox 632 1460 827 1524; x_wconf 28' lang='lat' dir='ltr'>inconsulta*</span> <span class='ocrx_word' id='word_1_75' title='bbox 842 1461 991 1524; x_wconf 87' lang='lat' dir='ltr'>voluntas</span> <span class='ocrx_word' id='word_1_76' title='bbox 1027 1460 1062 1524; x_wconf 92' lang='lat' dir='ltr'>in</span> <span class='ocrx_word' id='word_1_77' title='bbox 1090 1471 1206 1524; x_wconf 88' lang='lat' dir='ltr'>terram</span> <span class='ocrx_word' id='word_1_78' title='bbox 1243 1483 1279 1523; x_wconf 84' lang='lat' dir='ltr'>ac</span> 
     </span>
     <span class='ocr_line' id='line_1_11' title="bbox 224 1561 1280 1646; baseline 0.002 -22"><span class='ocrx_word' id='word_1_79' title='bbox 224 1572 418 1646; x_wconf 87' lang='lat' dir='ltr'>potestatem</span> <span class='ocrx_word' id='word_1_80' title='bbox 451 1585 565 1639; x_wconf 89' lang='lat' dir='ltr'>meam,</span> <span class='ocrx_word' id='word_1_81' title='bbox 591 1561 632 1626; x_wconf 93' lang='lat' dir='ltr'>ad</span> <span class='ocrx_word' id='word_1_82' title='bbox 658 1585 710 1625; x_wconf 90' lang='lat' dir='ltr'>me</span> <span class='ocrx_word' id='word_1_83' title='bbox 745 1573 810 1625; x_wconf 85' lang='lat' dir='ltr'>tam</span> <span class='ocrx_word' id='word_1_84' title='bbox 838 1562 1048 1646; x_wconf 86' lang='lat' dir='ltr'>pertinaciter</span> <span class='ocrx_word' id='word_1_85' title='bbox 1083 1563 1280 1626; x_wconf 88' lang='lat' dir='ltr'>exheredan-</span> 
     </span>
     <span class='ocr_line' id='line_1_12' title="bbox 225 1662 1280 1739; baseline 0.003 -15"><span class='ocrx_word' id='word_1_86' title='bbox 225 1662 314 1739; x_wconf 90' lang='lat' dir='ltr'>dum,</span> <span class='ocrx_word' id='word_1_87' title='bbox 343 1663 407 1726; x_wconf 89' lang='lat' dir='ltr'>huc</span> <span class='ocrx_word' id='word_1_88' title='bbox 436 1663 599 1728; x_wconf 84' lang='lat' dir='ltr'>advexit.”</span> <span class='ocrx_word' id='word_1_89' title='bbox 658 1663 775 1726; x_wconf 87' lang='lat' dir='ltr'>Dictus</span> <span class='ocrx_word' id='word_1_90' title='bbox 806 1673 917 1727; x_wconf 92' lang='lat' dir='ltr'>autem</span> <span class='ocrx_word' id='word_1_91' title='bbox 946 1662 1079 1727; x_wconf 89' lang='lat' dir='ltr'>clericus</span> <span class='ocrx_word' id='word_1_92' title='bbox 1107 1686 1217 1727; x_wconf 91' lang='lat' dir='ltr'>verens</span> <span class='ocrx_word' id='word_1_93' title='bbox 1246 1674 1280 1727; x_wconf 92' lang='lat' dir='ltr'>et</span> 
     </span>
     <span class='ocr_line' id='line_1_13' title="bbox 225 1764 1280 1848; baseline 0.002 -22"><span class='ocrx_word' id='word_1_94' title='bbox 225 1765 266 1826; x_wconf 88' lang='lat' dir='ltr'>ad</span> <span class='ocrx_word' id='word_1_95' title='bbox 296 1765 366 1828; x_wconf 87' lang='lat' dir='ltr'>haec</span> <span class='ocrx_word' id='word_1_96' title='bbox 391 1765 488 1828; x_wconf 86' lang='lat' dir='ltr'>verba</span> <span class='ocrx_word' id='word_1_97' title='bbox 516 1764 693 1848; x_wconf 89' lang='lat' dir='ltr'>plurimum</span> <span class='ocrx_word' id='word_1_98' title='bbox 715 1765 913 1828; x_wconf 89' lang='lat' dir='ltr'>verecundus</span> <span class='ocrx_word' id='word_1_99' title='bbox 942 1765 1094 1842; x_wconf 86' lang='lat' dir='ltr'>existens,</span> <span class='ocrx_word' id='word_1_100' title='bbox 1121 1787 1195 1828; x_wconf 89' lang='lat' dir='ltr'>cum</span> <span class='ocrx_word' id='word_1_101' title='bbox 1229 1787 1280 1828; x_wconf 90' lang='lat' dir='ltr'>re-</span> 
     </span>
    </p>
   </div>
   <div class='ocr_carea' id='block_1_3' title="bbox 120 1865 1278 1950">
    <p class='ocr_par' dir='ltr' id='par_1_3' title="bbox 120 1865 1278 1950">
     <span class='ocr_line' id='line_1_14' title="bbox 120 1865 1278 1950; baseline 0 -21"><span class='ocrx_word' id='word_1_102' title='bbox 120 1909 121 1912; x_wconf 56' lang='lat'><em>=</em></span> <span class='ocrx_word' id='word_1_103' title='bbox 224 1866 414 1949; x_wconf 91' lang='lat' dir='ltr'>spondisset,</span> <span class='ocrx_word' id='word_1_104' title='bbox 445 1875 479 1928; x_wconf 93' lang='lat' dir='ltr'>et</span> <span class='ocrx_word' id='word_1_105' title='bbox 518 1866 725 1929; x_wconf 89' lang='lat' dir='ltr'>assertionem</span> <span class='ocrx_word' id='word_1_106' title='bbox 758 1877 954 1929; x_wconf 92' lang='lat' dir='ltr'>sacramento</span> <span class='ocrx_word' id='word_1_107' title='bbox 986 1865 1215 1950; x_wconf 91' lang='lat' dir='ltr'>proposuisset,</span> <span class='ocrx_word' id='word_1_108' title='bbox 1246 1890 1278 1929; x_wconf 89' lang='lat' dir='ltr'>se</span> 
     </span>
    </p>
   </div>
   <div class='ocr_carea' id='block_1_4' title="bbox 203 1966 1280 3970">
    <p class='ocr_par' dir='ltr' id='par_1_4' title="bbox 203 1966 1280 3970">
     <span class='ocr_line' id='line_1_15' title="bbox 224 1966 1280 2051; baseline 0.001 -22"><span class='ocrx_word' id='word_1_109' title='bbox 224 1978 357 2051; x_wconf 88' lang='lat' dir='ltr'>propter</span> <span class='ocrx_word' id='word_1_110' title='bbox 383 1966 536 2030; x_wconf 91' lang='lat' dir='ltr'>honorem</span> <span class='ocrx_word' id='word_1_111' title='bbox 558 1967 660 2051; x_wconf 93' lang='lat' dir='ltr'>ipsius</span> <span class='ocrx_word' id='word_1_112' title='bbox 683 1976 821 2044; x_wconf 89' lang='lat' dir='ltr'>tantum,</span> <span class='ocrx_word' id='word_1_113' title='bbox 842 1978 876 2030; x_wconf 90' lang='lat' dir='ltr'>et</span> <span class='ocrx_word' id='word_1_114' title='bbox 896 1989 961 2030; x_wconf 93' lang='lat' dir='ltr'>non</span> <span class='ocrx_word' id='word_1_115' title='bbox 986 1977 1119 2050; x_wconf 90' lang='lat' dir='ltr'>propter</span> <span class='ocrx_word' id='word_1_116' title='bbox 1142 1967 1280 2030; x_wconf 85' lang='lat' dir='ltr'>dedecus</span> 
     </span>
     <span class='ocr_line' id='line_1_16' title="bbox 224 2067 1276 2151; baseline 0.001 -20"><span class='ocrx_word' id='word_1_117' title='bbox 224 2080 282 2132; x_wconf 92' lang='lat' dir='ltr'>aut</span> <span class='ocrx_word' id='word_1_118' title='bbox 308 2069 471 2145; x_wconf 90' lang='lat' dir='ltr'>damnum,</span> <span class='ocrx_word' id='word_1_119' title='bbox 500 2068 578 2131; x_wconf 91' lang='lat' dir='ltr'>illuc</span> <span class='ocrx_word' id='word_1_120' title='bbox 608 2068 793 2146; x_wconf 83' lang='lat' dir='ltr'>advenisse3</span> <span class='ocrx_word' id='word_1_121' title='bbox 827 2067 941 2132; x_wconf 86' lang='lat' dir='ltr'>Comes</span> <span class='ocrx_word' id='word_1_122' title='bbox 967 2069 1096 2131; x_wconf 88' lang='lat' dir='ltr'>demum</span> <span class='ocrx_word' id='word_1_123' title='bbox 1125 2078 1276 2151; x_wconf 87' lang='lat' dir='ltr'>tanquam</span> 
     </span>
     <span class='ocr_line' id='line_1_17' title="bbox 227 2169 1279 2255; baseline 0.001 -24"><span class='ocrx_word' id='word_1_124' title='bbox 227 2171 364 2254; x_wconf 84' lang='lat' dir='ltr'>aenigma</span> <span class='ocrx_word' id='word_1_125' title='bbox 382 2169 459 2233; x_wconf 91' lang='lat' dir='ltr'>dicti</span> <span class='ocrx_word' id='word_1_126' title='bbox 483 2169 636 2232; x_wconf 90' lang='lat' dir='ltr'>sermonis</span> <span class='ocrx_word' id='word_1_127' title='bbox 659 2192 835 2255; x_wconf 87' lang='lat' dir='ltr'>exponens,</span> <span class='ocrx_word' id='word_1_128' title='bbox 852 2171 916 2234; x_wconf 82' lang='lat' dir='ltr'>ait:</span> <span class='ocrx_word' id='word_1_129' title='bbox 941 2170 1134 2253; x_wconf 90' lang='lat' dir='ltr'>“Nunquid</span> <span class='ocrx_word' id='word_1_130' title='bbox 1152 2170 1279 2253; x_wconf 87' lang='lat' dir='ltr'>ignoras</span> 
     </span>
     <span class='ocr_line' id='line_1_18' title="bbox 224 2270 1278 2355; baseline 0 -23"><span class='ocrx_word' id='word_1_131' title='bbox 224 2271 286 2334; x_wconf 96' lang='lat' dir='ltr'>hoc</span> <span class='ocrx_word' id='word_1_132' title='bbox 313 2271 503 2334; x_wconf 86' lang='lat' dir='ltr'>naturaliter</span> <span class='ocrx_word' id='word_1_133' title='bbox 530 2270 698 2355; x_wconf 87' lang='lat' dir='ltr'>proprium</span> <span class='ocrx_word' id='word_1_134' title='bbox 727 2281 760 2332; x_wconf 94' lang='lat' dir='ltr'>et</span> <span class='ocrx_word' id='word_1_135' title='bbox 789 2271 881 2354; x_wconf 91' lang='lat' dir='ltr'>quasi</span> <span class='ocrx_word' id='word_1_136' title='bbox 912 2271 987 2353; x_wconf 91' lang='lat' dir='ltr'>jure</span> <span class='ocrx_word' id='word_1_137' title='bbox 1015 2270 1209 2333; x_wconf 88' lang='lat' dir='ltr'>hereditario</span> <span class='ocrx_word' id='word_1_138' title='bbox 1237 2270 1278 2332; x_wconf 89' lang='lat' dir='ltr'>ab</span> 
     </span>
     <span class='ocr_line' id='line_1_19' title="bbox 203 2369 1279 2457; baseline -0.002 -23"><span class='ocrx_word' id='word_1_139' title='bbox 203 2372 292 2457; x_wconf 31' lang='lat' dir='ltr'>&#39;avis</span> <span class='ocrx_word' id='word_1_140' title='bbox 315 2382 348 2434; x_wconf 95' lang='lat' dir='ltr'>et</span> <span class='ocrx_word' id='word_1_141' title='bbox 377 2371 476 2435; x_wconf 88' lang='lat' dir='ltr'>atavis</span> <span class='ocrx_word' id='word_1_142' title='bbox 504 2370 640 2434; x_wconf 92' lang='lat' dir='ltr'>insitum</span> <span class='ocrx_word' id='word_1_143' title='bbox 669 2381 703 2434; x_wconf 91' lang='lat' dir='ltr'>et</span> <span class='ocrx_word' id='word_1_144' title='bbox 730 2371 897 2447; x_wconf 88' lang='lat' dir='ltr'>insertum,</span> <span class='ocrx_word' id='word_1_145' title='bbox 925 2381 963 2433; x_wconf 93' lang='lat' dir='ltr'>ut</span> <span class='ocrx_word' id='word_1_146' title='bbox 985 2369 1093 2432; x_wconf 91' lang='lat' dir='ltr'>nullus</span> <span class='ocrx_word' id='word_1_147' title='bbox 1115 2392 1158 2432; x_wconf 88' lang='lat' dir='ltr'>ex</span> <span class='ocrx_word' id='word_1_148' title='bbox 1187 2370 1279 2433; x_wconf 91' lang='lat' dir='ltr'>nobis</span> 
     </span>
     <span class='ocr_line' id='line_1_20' title="bbox 225 2470 1279 2556; baseline -0.003 -21"><span class='ocrx_word' id='word_1_149' title='bbox 225 2472 362 2535; x_wconf 89' lang='lat' dir='ltr'>alterum</span> <span class='ocrx_word' id='word_1_150' title='bbox 376 2472 500 2555; x_wconf 87' lang='lat' dir='ltr'>diliget,</span> <span class='ocrx_word' id='word_1_151' title='bbox 511 2472 567 2534; x_wconf 91' lang='lat' dir='ltr'>sed</span> <span class='ocrx_word' id='word_1_152' title='bbox 581 2484 620 2535; x_wconf 90' lang='lat' dir='ltr'>ut</span> <span class='ocrx_word' id='word_1_153' title='bbox 633 2494 759 2556; x_wconf 88' lang='lat' dir='ltr'>semper</span> <span class='ocrx_word' id='word_1_154' title='bbox 771 2471 870 2534; x_wconf 84' lang='lat' dir='ltr'>frater</span> <span class='ocrx_word' id='word_1_155' title='bbox 883 2472 1026 2547; x_wconf 90' lang='lat' dir='ltr'>fratrem,</span> <span class='ocrx_word' id='word_1_156' title='bbox 1042 2470 1129 2534; x_wconf 89' lang='lat' dir='ltr'>filius</span> <span class='ocrx_word' id='word_1_157' title='bbox 1144 2481 1279 2554; x_wconf 89' lang='lat' dir='ltr'>patrem,</span> 
     </span>
     <span class='ocr_line' id='line_1_21' title="bbox 225 2571 1279 2661; baseline -0.003 -25"><span class='ocrx_word' id='word_1_158' title='bbox 225 2575 259 2661; x_wconf 82' lang='lat' dir='ltr'>et</span> <span class='ocrx_word' id='word_1_159' title='bbox 286 2597 303 2636; x_wconf 90' lang='lat' dir='ltr'>e</span> <span class='ocrx_word' id='word_1_160' title='bbox 334 2573 468 2649; x_wconf 89' lang='lat' dir='ltr'>divers0,</span> <span class='ocrx_word' id='word_1_161' title='bbox 499 2571 576 2635; x_wconf 89' lang='lat' dir='ltr'>totis</span> <span class='ocrx_word' id='word_1_162' title='bbox 605 2571 730 2634; x_wconf 89' lang='lat' dir='ltr'>nisibus</span> <span class='ocrx_word' id='word_1_163' title='bbox 765 2571 917 2635; x_wconf 83' lang='lat' dir='ltr'>infestare</span> <span class='ocrx_word' id='word_1_164' title='bbox 940 2572 1142 2635; x_wconf 76' lang='lat' dir='ltr'>contendat?</span> <span class='ocrx_word' id='word_1_165' title='bbox 1200 2571 1279 2634; x_wconf 90' lang='lat' dir='ltr'>Noli</span> 
     </span>
     <span class='ocr_line' id='line_1_22' title="bbox 225 2672 1279 2758; baseline 0 -22"><span class='ocrx_word' id='word_1_166' title='bbox 225 2697 300 2757; x_wconf 88' lang='lat' dir='ltr'>ergo</span> <span class='ocrx_word' id='word_1_167' title='bbox 322 2675 383 2737; x_wconf 93' lang='lat' dir='ltr'>hoc</span> <span class='ocrx_word' id='word_1_168' title='bbox 401 2675 475 2758; x_wconf 85' lang='lat' dir='ltr'>jure</span> <span class='ocrx_word' id='word_1_169' title='bbox 497 2683 606 2736; x_wconf 92' lang='lat' dir='ltr'>nostro</span> <span class='ocrx_word' id='word_1_170' title='bbox 628 2672 822 2736; x_wconf 89' lang='lat' dir='ltr'>hereditario</span> <span class='ocrx_word' id='word_1_171' title='bbox 843 2696 901 2736; x_wconf 89' lang='lat' dir='ltr'>nos</span> <span class='ocrx_word' id='word_1_172' title='bbox 923 2674 1059 2758; x_wconf 84' lang='lat' dir='ltr'>privare,</span> <span class='ocrx_word' id='word_1_173' title='bbox 1079 2695 1139 2736; x_wconf 90' lang='lat' dir='ltr'>nec</span> <span class='ocrx_word' id='word_1_174' title='bbox 1160 2673 1279 2736; x_wconf 63' lang='lat' dir='ltr'>fristra</span> 
     </span>
     <span class='ocr_line' id='line_1_23' title="bbox 224 2772 1279 2859; baseline -0.002 -21"><span class='ocrx_word' id='word_1_175' title='bbox 224 2785 264 2839; x_wconf 93' lang='lat' dir='ltr'>ut</span> <span class='ocrx_word' id='word_1_176' title='bbox 300 2785 447 2838; x_wconf 89' lang='lat' dir='ltr'>naturam</span> <span class='ocrx_word' id='word_1_177' title='bbox 474 2774 617 2859; x_wconf 87' lang='lat' dir='ltr'>expellas</span> <span class='ocrx_word' id='word_1_178' title='bbox 647 2772 839 2837; x_wconf 87' lang='lat' dir='ltr'>elaborare.”</span> <span class='ocrx_word' id='word_1_179' title='bbox 897 2774 993 2838; x_wconf 90' lang='lat' dir='ltr'>Unde</span> <span class='ocrx_word' id='word_1_180' title='bbox 1023 2774 1162 2858; x_wconf 83' lang='lat' dir='ltr'>qualiter</span> <span class='ocrx_word' id='word_1_181' title='bbox 1194 2774 1279 2837; x_wconf 91' lang='lat' dir='ltr'>Nor·</span> 
     </span>
     <span class='ocr_line' id='line_1_24' title="bbox 225 2875 1278 2960; baseline -0.001 -21"><span class='ocrx_word' id='word_1_182' title='bbox 225 2876 364 2939; x_wconf 91' lang='lat' dir='ltr'>mannioi</span> <span class='ocrx_word' id='word_1_183' title='bbox 389 2877 527 2959; x_wconf 85' lang='lat' dir='ltr'>tyranni,</span> <span class='ocrx_word' id='word_1_184' title='bbox 550 2897 610 2939; x_wconf 90' lang='lat' dir='ltr'>nec</span> <span class='ocrx_word' id='word_1_185' title='bbox 636 2875 827 2938; x_wconf 87' lang='lat' dir='ltr'>naturaliter</span> <span class='ocrx_word' id='word_1_186' title='bbox 851 2898 910 2940; x_wconf 89' lang='lat' dir='ltr'>nec</span> <span class='ocrx_word' id='word_1_187' title='bbox 933 2875 1088 2960; x_wconf 87' lang='lat' dir='ltr'>legitime,</span> <span class='ocrx_word' id='word_1_188' title='bbox 1109 2875 1166 2938; x_wconf 89' lang='lat' dir='ltr'>sed</span> <span class='ocrx_word' id='word_1_189' title='bbox 1187 2876 1278 2958; x_wconf 88' lang='lat' dir='ltr'>quasi</span> 
     </span>
     <span class='ocr_line' id='line_1_25' title="bbox 224 2975 1277 3061; baseline 0.001 -21"><span class='ocrx_word' id='word_1_190' title='bbox 224 2999 283 3061; x_wconf 90' lang='lat' dir='ltr'>per</span> <span class='ocrx_word' id='word_1_191' title='bbox 309 2977 465 3060; x_wconf 83' lang='lat' dir='ltr'>hysteron</span> <span class='ocrx_word' id='word_1_192' title='bbox 492 2987 644 3061; x_wconf 89' lang='lat' dir='ltr'>proteron</span> <span class='ocrx_word' id='word_1_193' title='bbox 681 2975 716 3039; x_wconf 92' lang='lat' dir='ltr'>in</span> <span class='ocrx_word' id='word_1_194' title='bbox 744 2976 849 3039; x_wconf 92' lang='lat' dir='ltr'>insula</span> <span class='ocrx_word' id='word_1_195' title='bbox 871 2987 1025 3061; x_wconf 89' lang='lat' dir='ltr'>occupata</span> <span class='ocrx_word' id='word_1_196' title='bbox 1053 2987 1277 3060; x_wconf 89' lang='lat' dir='ltr'>regnaverunt,</span> 
     </span>
     <span class='ocr_line' id='line_1_26' title="bbox 224 3078 1278 3162; baseline 0.002 -22"><span class='ocrx_word' id='word_1_197' title='bbox 224 3089 359 3162; x_wconf 91' lang='lat' dir='ltr'>propter</span> <span class='ocrx_word' id='word_1_198' title='bbox 388 3078 475 3161; x_wconf 92' lang='lat' dir='ltr'>quod</span> <span class='ocrx_word' id='word_1_199' title='bbox 504 3089 537 3142; x_wconf 94' lang='lat' dir='ltr'>et</span> <span class='ocrx_word' id='word_1_200' title='bbox 565 3078 660 3162; x_wconf 87' lang='lat' dir='ltr'>pauci</span> <span class='ocrx_word' id='word_1_201' title='bbox 688 3099 799 3140; x_wconf 90' lang='lat' dir='ltr'>eorum</span> <span class='ocrx_word' id='word_1_202' title='bbox 827 3078 878 3141; x_wconf 91' lang='lat' dir='ltr'>vel</span> <span class='ocrx_word' id='word_1_203' title='bbox 912 3078 996 3141; x_wconf 92' lang='lat' dir='ltr'>nulli</span> <span class='ocrx_word' id='word_1_204' title='bbox 1014 3079 1088 3162; x_wconf 23' lang='lat' dir='ltr'>&#39;fine</span> <span class='ocrx_word' id='word_1_205' title='bbox 1124 3079 1278 3143; x_wconf 89' lang='lat' dir='ltr'>laudabili</span> 
     </span>
     <span class='ocr_line' id='line_1_27' title="bbox 225 3177 1277 3265; baseline 0.003 -23"><span class='ocrx_word' id='word_1_206' title='bbox 225 3179 446 3257; x_wconf 82' lang='lat' dir='ltr'>decesserunt3</span> <span class='ocrx_word' id='word_1_207' title='bbox 471 3178 610 3262; x_wconf 90' lang='lat' dir='ltr'>qualiter</span> <span class='ocrx_word' id='word_1_208' title='bbox 621 3188 687 3241; x_wconf 89' lang='lat' dir='ltr'>tam</span> <span class='ocrx_word' id='word_1_209' title='bbox 702 3177 804 3262; x_wconf 87' lang='lat' dir='ltr'>Regis</span> <span class='ocrx_word' id='word_1_210' title='bbox 815 3178 950 3242; x_wconf 87' lang='lat' dir='ltr'>Henrici</span> <span class='ocrx_word' id='word_1_211' title='bbox 965 3180 1061 3265; x_wconf 91' lang='lat' dir='ltr'>primi</span> <span class='ocrx_word' id='word_1_212' title='bbox 1076 3203 1172 3264; x_wconf 90' lang='lat' dir='ltr'>quam</span> <span class='ocrx_word' id='word_1_213' title='bbox 1181 3181 1277 3245; x_wconf 89' lang='lat' dir='ltr'>etiam</span> 
     </span>
     <span class='ocr_line' id='line_1_28' title="bbox 225 3279 1280 3346; baseline 0.004 -4"><span class='ocrx_word' id='word_1_214' title='bbox 225 3290 259 3342; x_wconf 88' lang='lat' dir='ltr'>et</span> <span class='ocrx_word' id='word_1_215' title='bbox 273 3281 404 3344; x_wconf 90' lang='lat' dir='ltr'>secundi</span> <span class='ocrx_word' id='word_1_216' title='bbox 419 3280 533 3343; x_wconf 87' lang='lat' dir='ltr'>fratres</span> <span class='ocrx_word' id='word_1_217' title='bbox 558 3302 624 3342; x_wconf 92' lang='lat' dir='ltr'>non</span> <span class='ocrx_word' id='word_1_218' title='bbox 646 3279 848 3343; x_wconf 88' lang='lat' dir='ltr'>dimidiantes</span> <span class='ocrx_word' id='word_1_219' title='bbox 870 3281 938 3344; x_wconf 89' lang='lat' dir='ltr'>dies</span> <span class='ocrx_word' id='word_1_220' title='bbox 960 3303 1034 3344; x_wconf 93' lang='lat' dir='ltr'>suos</span> <span class='ocrx_word' id='word_1_221' title='bbox 1054 3282 1280 3346; x_wconf 87' lang='lat' dir='ltr'>miserabiliter</span> 
     </span>
     <span class='ocr_line' id='line_1_29' title="bbox 223 3380 1279 3464; baseline 0.004 -22"><span class='ocrx_word' id='word_1_222' title='bbox 223 3381 418 3444; x_wconf 90' lang='lat' dir='ltr'>interierunt</span> <span class='ocrx_word' id='word_1_223' title='bbox 432 3386 466 3458; x_wconf 71' lang='lat'>3²</span> <span class='ocrx_word' id='word_1_224' title='bbox 506 3380 645 3464; x_wconf 88' lang='lat' dir='ltr'>qualiter</span> <span class='ocrx_word' id='word_1_225' title='bbox 687 3381 785 3443; x_wconf 88' lang='lat' dir='ltr'>etiam</span> <span class='ocrx_word' id='word_1_226' title='bbox 826 3380 927 3464; x_wconf 86' lang='lat' dir='ltr'>Regis</span> <span class='ocrx_word' id='word_1_227' title='bbox 971 3381 1107 3445; x_wconf 91' lang='lat' dir='ltr'>Henrici</span> <span class='ocrx_word' id='word_1_228' title='bbox 1145 3383 1279 3446; x_wconf 89' lang='lat' dir='ltr'>secundi</span> 
     </span>
     <span class='ocr_line' id='line_1_30' title="bbox 216 3481 1278 3566; baseline 0.002 -22"><span class='ocrx_word' id='word_1_229' title='bbox 216 3482 284 3544; x_wconf 77' lang='lat' dir='ltr'>¹filii</span> <span class='ocrx_word' id='word_1_230' title='bbox 312 3483 347 3544; x_wconf 91' lang='lat' dir='ltr'>in</span> <span class='ocrx_word' id='word_1_231' title='bbox 376 3492 501 3565; x_wconf 89' lang='lat' dir='ltr'>patrem</span> <span class='ocrx_word' id='word_1_232' title='bbox 529 3481 724 3543; x_wconf 88' lang='lat' dir='ltr'>unanimiter</span> <span class='ocrx_word' id='word_1_233' title='bbox 749 3481 962 3563; x_wconf 85' lang='lat' dir='ltr'>insurgentes,</span> <span class='ocrx_word' id='word_1_234' title='bbox 982 3481 1168 3566; x_wconf 87' lang='lat' dir='ltr'>ipsumque,</span> <span class='ocrx_word' id='word_1_235' title='bbox 1195 3485 1278 3546; x_wconf 90' lang='lat' dir='ltr'>sicut</span> 
     </span>
     <span class='ocr_line' id='line_1_31' title="bbox 221 3580 1274 3666; baseline 0.004 -22"><span class='ocrx_word' id='word_1_236' title='bbox 221 3582 427 3666; x_wconf 83' lang='lat' dir='ltr'>jamdictum</span> <span class='ocrx_word' id='word_1_237' title='bbox 442 3591 500 3657; x_wconf 88' lang='lat' dir='ltr'>est,</span> <span class='ocrx_word' id='word_1_238' title='bbox 516 3603 620 3664; x_wconf 88' lang='lat' dir='ltr'>usque</span> <span class='ocrx_word' id='word_1_239' title='bbox 635 3580 675 3642; x_wconf 90' lang='lat' dir='ltr'>ad</span> <span class='ocrx_word' id='word_1_240' title='bbox 696 3590 832 3644; x_wconf 89' lang='lat' dir='ltr'>mortem</span> <span class='ocrx_word' id='word_1_241' title='bbox 846 3595 1086 3665; x_wconf 88' lang='lat' dir='ltr'>persequentes,</span> <span class='ocrx_word' id='word_1_242' title='bbox 1101 3584 1274 3648; x_wconf 88' lang='lat' dir='ltr'>vindictam</span> 
     </span>
     <span class='ocr_line' id='line_1_32' title="bbox 225 3681 1272 3763; baseline 0.004 -18"><span class='ocrx_word' id='word_1_243' title='bbox 225 3683 379 3746; x_wconf 85' lang='lat' dir='ltr'>divinitus</span> <span class='ocrx_word' id='word_1_244' title='bbox 405 3681 559 3745; x_wconf 88' lang='lat' dir='ltr'>inflictam</span> <span class='ocrx_word' id='word_1_245' title='bbox 582 3681 647 3744; x_wconf 90' lang='lat' dir='ltr'>cito</span> <span class='ocrx_word' id='word_1_246' title='bbox 674 3682 793 3745; x_wconf 87' lang='lat' dir='ltr'>sublati</span> <span class='ocrx_word' id='word_1_247' title='bbox 815 3682 983 3746; x_wconf 89' lang='lat' dir='ltr'>demedio</span> <span class='ocrx_word' id='word_1_248' title='bbox 1005 3706 1070 3746; x_wconf 93' lang='lat' dir='ltr'>non</span> <span class='ocrx_word' id='word_1_249' title='bbox 1096 3698 1272 3763; x_wconf 90' lang='lat' dir='ltr'>evaserunt,</span> 
     </span>
     <span class='ocr_line' id='line_1_33' title="bbox 224 3782 1274 3870; baseline 0.004 -24"><span class='ocrx_word' id='word_1_250' title='bbox 224 3784 315 3867; x_wconf 88' lang='lat' dir='ltr'>(quia</span> <span class='ocrx_word' id='word_1_251' title='bbox 342 3783 420 3846; x_wconf 90' lang='lat' dir='ltr'>licet</span> <span class='ocrx_word' id='word_1_252' title='bbox 448 3805 559 3846; x_wconf 91' lang='lat' dir='ltr'>eorum</span> <span class='ocrx_word' id='word_1_253' title='bbox 588 3782 671 3844; x_wconf 90' lang='lat' dir='ltr'>actio</span> <span class='ocrx_word' id='word_1_254' title='bbox 699 3782 783 3846; x_wconf 89' lang='lat' dir='ltr'>forte</span> <span class='ocrx_word' id='word_1_255' title='bbox 813 3783 886 3846; x_wconf 91' lang='lat' dir='ltr'>Deo</span> <span class='ocrx_word' id='word_1_256' title='bbox 913 3784 1080 3867; x_wconf 89' lang='lat' dir='ltr'>placuerit,</span> <span class='ocrx_word' id='word_1_257' title='bbox 1111 3786 1168 3869; x_wconf 92' lang='lat' dir='ltr'>qui</span> <span class='ocrx_word' id='word_1_258' title='bbox 1195 3787 1274 3870; x_wconf 89' lang='lat' dir='ltr'>ipsis</span> 
     </span>
     <span class='ocr_line' id='line_1_34' title="bbox 224 3874 1274 3970; baseline 0.003 -22"><span class='ocrx_word' id='word_1_259' title='bbox 224 3886 378 3948; x_wconf 88' lang='lat' dir='ltr'>utebatur</span> <span class='ocrx_word' id='word_1_260' title='bbox 412 3883 546 3947; x_wconf 93' lang='lat' dir='ltr'>ultionis</span> <span class='ocrx_word' id='word_1_261' title='bbox 577 3874 645 3945; x_wconf 89' lang='lat' dir='ltr'>suae</span> <span class='ocrx_word' id='word_1_262' title='bbox 682 3894 837 3966; x_wconf 91' lang='lat' dir='ltr'>tanquam</span> <span class='ocrx_word' id='word_1_263' title='bbox 879 3883 1112 3962; x_wconf 88' lang='lat' dir='ltr'>instrumentis,</span> <span class='ocrx_word' id='word_1_264' title='bbox 1151 3887 1274 3970; x_wconf 87' lang='lat' dir='ltr'>privata</span> 
     </span>
    </p>
   </div>
   <div class='ocr_carea' id='block_1_5' title="bbox 224 3985 1384 4072">
    <p class='ocr_par' dir='ltr' id='par_1_5' title="bbox 224 3985 1384 4072">
     <span class='ocr_line' id='line_1_35' title="bbox 224 3985 1384 4072; baseline -0.003 -24"><span class='ocrx_word' id='word_1_265' title='bbox 224 3987 345 4069; x_wconf 89' lang='lat' dir='ltr'>absque</span> <span class='ocrx_word' id='word_1_266' title='bbox 375 3985 474 4048; x_wconf 89' lang='lat' dir='ltr'>dubio</span> <span class='ocrx_word' id='word_1_267' title='bbox 501 3985 604 4047; x_wconf 89' lang='lat' dir='ltr'>modis</span> <span class='ocrx_word' id='word_1_268' title='bbox 633 3985 781 4047; x_wconf 90' lang='lat' dir='ltr'>omnibus</span> <span class='ocrx_word' id='word_1_269' title='bbox 808 3986 945 4049; x_wconf 88' lang='lat' dir='ltr'>intentio</span> <span class='ocrx_word' id='word_1_270' title='bbox 975 3987 1150 4070; x_wconf 86' lang='lat' dir='ltr'>displicuit,</span> <span class='ocrx_word' id='word_1_271' title='bbox 1177 4011 1274 4072; x_wconf 92' lang='lat' dir='ltr'>quam</span> <span class='ocrx_word' id='word_1_272' title='bbox 1382 4040 1384 4044; x_wconf 14' lang='lat' dir='ltr'>a</span> 
     </span>
    </p>
   </div>
   <div class='ocr_carea' id='block_1_6' title="bbox 224 4086 1274 4275">
    <p class='ocr_par' dir='ltr' id='par_1_6' title="bbox 224 4086 1274 4275">
     <span class='ocr_line' id='line_1_36' title="bbox 224 4086 1272 4175; baseline 0.002 -24"><span class='ocrx_word' id='word_1_273' title='bbox 224 4089 320 4152; x_wconf 89' lang='lat' dir='ltr'>etiam</span> <span class='ocrx_word' id='word_1_274' title='bbox 348 4088 496 4150; x_wconf 91' lang='lat' dir='ltr'>similiter</span> <span class='ocrx_word' id='word_1_275' title='bbox 536 4109 594 4149; x_wconf 92' lang='lat' dir='ltr'>suo</span> <span class='ocrx_word' id='word_1_276' title='bbox 630 4086 665 4149; x_wconf 90' lang='lat' dir='ltr'>in</span> <span class='ocrx_word' id='word_1_277' title='bbox 688 4097 832 4171; x_wconf 90' lang='lat' dir='ltr'>tempore</span> <span class='ocrx_word' id='word_1_278' title='bbox 859 4087 942 4150; x_wconf 88' lang='lat' dir='ltr'>ultio</span> <span class='ocrx_word' id='word_1_279' title='bbox 971 4088 1079 4151; x_wconf 91' lang='lat' dir='ltr'>divina</span> <span class='ocrx_word' id='word_1_280' title='bbox 1113 4091 1242 4174; x_wconf 89' lang='lat' dir='ltr'>punivit</span> <span class='ocrx_word' id='word_1_281' title='bbox 1250 4093 1272 4175; x_wconf 88' lang='lat'>);</span> 
     </span>
     <span class='ocr_line' id='line_1_37' title="bbox 225 4188 1274 4275; baseline 0.001 -21"><span class='ocrx_word' id='word_1_282' title='bbox 225 4192 373 4275; x_wconf 89' lang='lat' dir='ltr'>qualiter,</span> <span class='ocrx_word' id='word_1_283' title='bbox 411 4190 555 4272; x_wconf 89' lang='lat' dir='ltr'>inquam,</span> <span class='ocrx_word' id='word_1_284' title='bbox 585 4188 655 4251; x_wconf 86' lang='lat' dir='ltr'>haec</span> <span class='ocrx_word' id='word_1_285' title='bbox 685 4188 811 4271; x_wconf 85' lang='lat' dir='ltr'>singula</span> <span class='ocrx_word' id='word_1_286' title='bbox 848 4202 1072 4273; x_wconf 82' lang='lat' dir='ltr'>provenerunt,</span> <span class='ocrx_word' id='word_1_287' title='bbox 1109 4201 1144 4254; x_wconf 88' lang='lat' dir='ltr'>et</span> <span class='ocrx_word' id='word_1_288' title='bbox 1178 4213 1274 4274; x_wconf 90' lang='lat' dir='ltr'>quem</span> 
     </span>
    </p>
   </div>
   <div class='ocr_carea' id='block_1_7' title="bbox 294 4318 1195 4392">
    <p class='ocr_par' dir='ltr' id='par_1_7' title="bbox 294 4318 1195 4392">
     <span class='ocr_line' id='line_1_38' title="bbox 294 4318 1195 4392; baseline 0.002 -18"><span class='ocrx_word' id='word_1_289' title='bbox 294 4323 445 4374; x_wconf 77' lang='lat' dir='ltr'>¹1n1189.</span> <span class='ocrx_word' id='word_1_290' title='bbox 483 4320 525 4372; x_wconf 89' lang='lat' dir='ltr'>He</span> <span class='ocrx_word' id='word_1_291' title='bbox 538 4318 597 4371; x_wconf 90' lang='lat' dir='ltr'>died</span> <span class='ocrx_word' id='word_1_292' title='bbox 610 4320 636 4371; x_wconf 90' lang='lat' dir='ltr'>in</span> <span class='ocrx_word' id='word_1_293' title='bbox 650 4323 726 4372; x_wconf 76' lang='lat'><strong>1204.</strong></span> <span class='ocrx_word' id='word_1_294' title='bbox 777 4381 779 4386; x_wconf 26' lang='grc' dir='ltr'>Ι</span> <span class='ocrx_word' id='word_1_295' title='bbox 813 4321 818 4390; x_wconf 92' lang='grc' dir='ltr'>Ι</span> <span class='ocrx_word' id='word_1_296' title='bbox 904 4322 979 4374; x_wconf 78' lang='lat' dir='ltr'>²See</span> <span class='ocrx_word' id='word_1_297' title='bbox 991 4321 1084 4389; x_wconf 84' lang='lat' dir='ltr'>before,</span> <span class='ocrx_word' id='word_1_298' title='bbox 1097 4342 1122 4392; x_wconf 88' lang='lat' dir='ltr'>p.</span> <span class='ocrx_word' id='word_1_299' title='bbox 1137 4328 1195 4377; x_wconf 85' lang='grc'><strong>153.</strong></span> 
     </span>
    </p>
   </div>
   <div class='ocr_carea' id='block_1_8' title="bbox 0 0 1506 5040">
    <p class='ocr_par' dir='ltr' id='par_1_8' title="bbox 0 0 1506 5040">
     <span class='ocr_line' id='line_1_39' title="bbox 0 0 1506 5040; baseline 0 0"><span class='ocrx_word' id='word_1_300' title='bbox 0 0 1506 5040; x_wconf 95' lang='lat' dir='ltr'> </span> 
     </span>
    </p>
   </div>
  </div>
 </body>
</html>
