3000 5040
262 447 326 508 104
581 460 764 510 ammons
790 458 1019 511 cauraunsrs

260 619 293 673 et
315 606 505 693 injuriarum
528 602 684 671 ultionem
706 610 794 694 juste
818 611 1003 694 susciperet,
1031 617 1187 693 exparte
1213 607 1316 692 Regis

258 710 455 773 nuntiantes.
514 708 610 772 Missi
637 720 713 774 sunt
738 711 835 774 etiam
863 712 969 774 nuntii
1003 712 1044 774 ab
1079 710 1191 774 eodem
1215 709 1315 772 Fran·

255 834 369 875 corum
385 811 477 893 Rege
492 810 693 874 seneschallis
704 811 914 876 Normanniae
930 821 964 875 et
976 812 1184 896 Andegaviae,
1197 811 1316 894 quibus

259 912 421 976 mandavit
444 913 531 995 quod
545 911 595 975 vel
618 913 766 976 comitem
784 913 974 996 quantocius
989 924 1183 989 revocarent,
1198 911 1250 975 vel
1276 912 1315 974 de

259 1015 380 1098 treugis
394 1013 599 1097 interipsum
614 1024 648 1077 et
662 1012 844 1097 Anglorum
858 1013 983 1098 Regem
1005 1013 1140 1077 firmatis
1155 1014 1195 1103 de
1208 1022 1315 1076 cetero

258 1139 323 1180 non
360 1115 579 1180 confiderent.¹
626 1115 741 1180 Comes
776 1127 896 1193 autem,
926 1116 1090 1179 fortunam
1126 1126 1165 1179 ut
1200 1115 1316 1178 assolet

259 1240 376 1302 urgens
391 1227 425 1280 et
447 1217 644 1281 successibus
667 1217 798 1294 instans,
814 1239 873 1280 nec
888 1218 929 1281 ad
951 1218 1100 1281 mandata
1119 1217 1315 1280 Francorum

259 1320 360 1402 Regis
385 1329 418 1381 et
443 1319 569 1382 crebras
593 1318 864 1394 comminationes,
889 1343 948 1383 nec
973 1320 1013 1382 ad
1048 1317 1315 1382 seneschallorum

259 1419 518 1504 supplicationes,
534 1442 593 1483 nec
610 1420 650 1482 ad
664 1419 765 1504 patris
781 1421 877 1485 etiam
893 1421 946 1484 cui
967 1420 1084 1505 jamin
1100 1419 1220 1504 Anglia
1233 1441 1315 1482 nun·

259 1521 376 1584 tiatum
389 1520 423 1582 id
444 1519 551 1582 fuerat
565 1520 843 1597 admonitiones,a
866 1521 969 1584 nobili
984 1521 1095 1606 potuit
1120 1543 1201 1584 ausu
1227 1542 1318 1584 revo-

252 1622 332 1686 cari.
369 1621 463 1684 Sicut
476 1620 562 1684 enim
576 1620 736 1684 animosus
752 1632 820 1684 erat
832 1633 865 1686 et
880 1623 988 1686 audax
1002 1624 1043 1686 ad
1054 1622 1315 1708 aggrediendum,

259 1723 305 1786 sic
332 1723 483 1806 pertinax
513 1744 643 1806 quoque
680 1732 714 1785 et
748 1745 953 1807 perseverans
989 1725 1030 1787 ad
1065 1723 1314 1810 perficiendum:

259 1824 346 1887 unde
377 1834 411 1886 et
444 1823 576 1886 titulum
605 1823 718 1907 ipsius,
746 1846 842 1907 quem
880 1824 1060 1889 Hibernica
1091 1823 1315 1910 Topographia

259 1933 368 1988 nostra
380 1924 537 2008 depingit,
552 1934 586 1987 et
599 1923 652 1987 hic
666 1924 805 1988 inserere
821 1923 955 2009 dignum
971 1925 1062 1989 duxi.

628 2181 632 2189 '
684 2203 764 2267 oo.
787 2204 889 2269 vin.

259 2379 311 2442 De
334 2379 437 2442 titulis
472 2377 609 2442 Ricardi
648 2378 777 2442 Comitis
808 2379 965 2442 Pictaaioe
999 2377 1236 2440 occasionaliter
1263 2377 1315 2440 ln'c

688 2479 891 2543 intersertis.⁹

95 2641 121 2731 θ’
187 2643 206 2729 ἰΙ
305 2629 464 2698 Sannaus
473 2651 559 2706 vero,
570 2628 647 2712 quia
656 2627 695 2691 de
708 2628 862 2712 primaevo
874 2626 1074 2712 praemissum
1090 2627 1206 2706 fuerat,
1222 2630 1315 2714 cujus

261 2731 358 2817 digna
371 2732 505 2795 laudum
526 2731 676 2816 preconia
689 2753 754 2794 vox
777 2730 923 2815 preconis
948 2753 1013 2794 non
1036 2730 1154 2808 silebit,
1180 2731 1313 2816 provida

259 2834 360 2918 patris
375 2833 593 2917 dispositione,
608 2842 752 2916 paternae
766 2854 884 2894 nomen
900 2853 1049 2908 renuens,
1064 2843 1218 2896 maternae
1240 2833 1313 2896 stir-

258 2934 309 3019 pis
323 2935 477 2998 honorem
491 2933 599 2996 statim
613 2933 760 3016 adeptus,
776 2942 893 2996 terram
906 2932 1062 2996 hactenus
1075 2933 1263 2997 indomitam
1277 2932 1312 2996 in

258 3046 370 3098 tenera
385 3043 482 3097 aetate
497 3032 722 3096 tanta-virtute
736 3032 824 3095 rexit
838 3043 872 3096 et
886 3033 1022 3110 domuit,
1038 3043 1077 3098 ut
1098 3057 1163 3097 non
1184 3043 1311 3097 tantum

258 3135 361 3220 ipsam
389 3157 447 3219 per
471 3155 581 3196 omnes
607 3134 677 3217 ejus
702 3133 863 3196 anfractus
889 3134 984 3218 longe
1009 3134 1139 3218 plenius
1167 3145 1201 3198 et
1225 3144 1312 3198 tran-

260 3235 392 3320 quillius
407 3234 502 3298 solito
523 3234 716 3318 pacificaret,
731 3236 947 3299 verumetiam
965 3237 1115 3300 mutilata
1129 3236 1253 3300 dudum
1278 3246 1311 3299 et

259 3338 400 3422 dispersa
428 3337 636 3420 reintegrans,
666 3347 796 3400 strenua
823 3336 944 3400 virtute
968 3337 1121 3421 pristinos
1149 3336 1184 3401 in
1209 3346 1311 3401 status

258 3439 384 3522 singula
397 3448 568 3502 revocaret.

302 3539 343 3604 In
357 3540 492 3603 formam
507 3538 608 3622 igitur
621 3537 770 3602 informia
784 3540 941 3624 redigens,
950 3540 990 3602 'in
1004 3562 1148 3604 normam
1170 3539 1312 3602 enormia

259 3664 400 3726 quaeque
436 3639 602 3718 reducens,
632 3640 730 3704 fortia
766 3641 976 3718 confundens,
1014 3651 1048 3704 et
1081 3663 1192 3726 aspera
1227 3663 1312 3703 com·

257 3742 401 3826 planans,
430 3741 581 3825 antiquos
609 3740 821 3825 Aquitanniae
854 3743 1008 3807 terminos
1037 3752 1071 3806 et
1102 3744 1177 3827 jura
1212 3742 1313 3806 refor-

258 3846 366 3908 mavit.

302 3947 478 4011 Fortunam
493 3945 652 4030 siquidem
666 3967 784 4030 urgens
800 3956 881 4009 etse
896 3947 930 4009 in
945 3945 1106 4010 anteriora
1117 3946 1312 4033 protendens

295 4137 469 4205 ¹Acc0rding
497 4144 524 4189 to
564 4135 698 4199 Hoveden,
728 4134 762 4188 he
812 4137 872 4199 365,
896 4133 922 4188 b.
958 4134 1006 4187 See
1030 4133 1084 4187 also
1103 4133 1195 4187 Diceto
1220 4135 1246 4187 in
1270 4130 1312 4188 a'n.

257 4206 364 4258 boasted
377 4206 432 4258 that
443 4206 476 4258 he
488 4205 574 4258 would
599 4223 682 4258 ossess
691 4175 761 4257 'him-
814 4172 890 4258 1188.

258 4275 309 4328 sclf
318 4275 347 4326 of
366 4275 409 4327 the
421 4274 504 4327 whole
522 4275 552 4327 of
568 4224 730 4344 liormandy,
743 4275 761 4327 f.
847 4274 858 4305 ³
875 4271 917 4325 Ex
932 4272 1029 4345 Topog.
1043 4272 1107 4326 Hib.
1120 4271 1180 4328 752.
