3000 5040
286 454 348 525 '176
590 473 772 524 91999999
798 473 1028 524 ornaturus·

275 643 360 704 erga
373 621 538 684 ecclesiam
553 622 618 685 Dei
633 646 666 686 se
692 623 840 707 protinus
860 624 1055 686 emendaret.
1100 621 1147 686 Et
1170 643 1243 685 ecce
1258 645 1339 685 non·

285 723 362 786 dum
391 746 535 786 sermone
564 723 668 801 finito,
698 724 747 787 vir
776 724 917 808 quidam,
948 725 1129 788 simillimus
1158 724 1206 787 illi
1241 747 1339 807 quem

285 825 417 908 sagittas
437 837 685 910 praesentantem
708 826 741 888 in
765 848 876 889 somno
897 826 1031 904 viderat,
1051 849 1080 890 v.
1097 827 1238 910 sagittas
1260 827 1340 897 tales

284 927 396 1010 quales
407 927 441 989 in
455 949 566 990 somno
577 927 711 1003 viderat,
722 927 808 1010 Regi
819 927 1036 1011 praesentavit,
1054 951 1133 1011 quas
1140 928 1228 992 illico
1240 928 1339 991 militi

285 1027 418 1091 tradidit
430 1029 483 1090 cui
498 1051 612 1092 nomen
630 1029 824 1112 Radulphus
839 1030 878 1092 de
894 1030 1000 1113 Aquis
1014 1031 1055 1092 ad
1069 1030 1215 1093 ferendas
1230 1053 1338 1094 secum

284 1130 317 1192 in
345 1130 518 1206 forestam3
541 1131 647 1214 priore
668 1142 826 1214 quantum
851 1131 958 1215 potuit
987 1141 1020 1194 et
1043 1132 1256 1209 dissuadente,
1280 1155 1338 1195 nec
1362 1205 1364 1210 ¹
1401 1129 1403 1131 ’

282 1231 500 1316 praevalente.¹
544 1232 640 1294 Unde
672 1242 705 1295 et
730 1233 771 1295 ab
796 1233 909 1295 eodem
935 1232 1040 1296 milite
1073 1232 1275 1296 continenter
1304 1233 1338 1296 in

282 1334 360 1396 silva
382 1356 446 1396 una
473 1333 660 1416 sagittarum
685 1333 814 1397 illarum
837 1357 912 1397 arcu
934 1334 1039 1410 missa,
1056 1334 1133 1399 Rex
1155 1334 1337 1418 perforatus

280 1434 415 1512 interiit,
431 1435 511 1498 iram
527 1436 648 1520 quippe
664 1437 730 1499 veri
746 1435 847 1520 Regis
861 1435 959 1512 illius,
976 1446 1010 1499 et
1028 1446 1144 1499 cuncta
1168 1434 1334 1520 Regentis‚

281 1536 439 1600 vindicem
454 1537 604 1602 sentiens.
628 1623 630 1628 Ι
651 1537 752 1622 Cujus
767 1548 871 1601 acutae
886 1537 1013 1622 sagittae
1035 1537 1197 1621 nimisque
1212 1549 1246 1600 et
1267 1538 1337 1600 falli

281 1649 459 1722 nequeunt,
475 1650 508 1702 et
530 1651 704 1703 retrorsum
726 1662 791 1702 non
817 1641 948 1715 abeunt,
964 1661 1022 1702 nec
1037 1661 1146 1703 vacuae
1170 1650 1335 1704 revertun-

281 1751 345 1808 tur.
392 1741 495 1826 Cujus
509 1752 542 1804 et
556 1742 596 1805 ab
610 1765 701 1805 arcus
715 1741 807 1817 facie,
822 1764 881 1804 nec
897 1741 1009 1825 fugere
1024 1740 1154 1824 reprobi
1168 1742 1334 1811 commode

280 1853 424 1926 possunt,
440 1865 498 1906 nec
523 1843 674 1926 effugere.
720 1843 771 1905 De
795 1842 913 1925 quibus
938 1853 971 1905 et
996 1842 1036 1904 ad
1060 1864 1141 1925 quos
1166 1841 1336 1905 Psalmista

281 1943 523 2007 commonitoria
545 1944 674 2028 quidem
698 1955 731 2007 et
753 1943 994 2006 comminatoria
1016 1943 1156 2006 scribens
1186 1953 1220 2006 et
1247 1943 1333 2006 hunc

280 2068 406 2109 versum
434 2046 635 2130 praemittens
669 2045 725 2122 ait,
757 2047 878 2108 “Deus
898 2045 1002 2128 jadex
1021 2046 1140 2128 justus,
1167 2046 1266 2126 fortir
1303 2054 1335 2119 et

273 2149 413 2230 patiens,
429 2147 571 2231 nunquid
584 2148 738 2210 irascetur
746 2169 809 2231 per
821 2146 957 2230 ricquius
972 2143 1062 2209 dier?
1105 2147 1182 2210 Nisi
1196 2148 1334 2209 conversi

272 2249 415 2330 fueritis,
436 2250 579 2334 cladium
607 2271 694 2311 suum
717 2250 862 2326 vibrabit,
887 2270 994 2312 arcum
1025 2271 1112 2310 ruam
1142 2249 1273 2310 tetendit
1302 2257 1333 2310 et

273 2352 408 2434 paravit
422 2351 481 2413 illu
513 2397 520 2414 .
565 2351 613 2412 Et
627 2351 661 2412 ira
685 2371 718 2412 eo
736 2351 960 2434 parasiticae
980 2352 1097 2427 mortis,
1112 2353 1246 2433 suqittor
1259 2371 1332 2413 ruas

281 2453 460 2516 ardentibus
488 2452 623 2535 effecit.”
682 2456 703 2487 “
717 2451 793 2514 Cam
819 2453 900 2514 enim
917 2454 1085 2535 freqerurrt
1108 2473 1197 2514 arma
1219 2453 1331 2532 ferrea

280 2555 431 2630 irruent,”
443 2564 482 2618 ut
496 2554 542 2618 ait
555 2553 576 2617 J
578 2554 630 2631 ob,
647 2559 668 2588 ‘⁶
678 2555 712 2615 ia
724 2575 831 2616 arcam
844 2552 989 2615 aeoeum.”

322 2655 371 2719 Ut
381 2657 478 2720 etiam
493 2656 534 2719 ad
547 2657 700 2740 majorem
715 2654 908 2718 evidentiam
923 2663 957 2716 et
971 2652 1125 2716 similium
1140 2653 1331 2727 convenien-

279 2759 357 2822 tiam
373 2756 607 2841 quodammodo
620 2778 706 2818 nune
722 2756 871 2839 quaedam
885 2754 1116 2837 anticipemus3
1142 2753 1256 2817 Comes
1272 2754 1332 2816 Ri-

279 2861 392 2926 cardus
403 2859 488 2944 patri
497 2859 668 2922 succedens
678 2857 713 2919 in
725 2879 861 2940 regnum
870 2866 904 2919 et
918 2855 996 2919 Rex
1006 2855 1149 2932 effectus,
1165 2855 1332 2939 tyrannice

279 2983 409 3045 quoque
420 2960 487 3023 suis
502 2959 615 3022 diebus
627 2958 777 3042 superbia
792 2968 930 3033 tumens,
941 2956 1025 3019 sicut
1039 2956 1094 3019 ille
1104 2956 1138 3019 in
1146 2957 1273 3040 sagitta,
1284 2957 1332 3019 ita

279 3060 378 3125 ethic
394 3062 428 3124 in
442 3060 568 3136 balista,
592 3082 657 3144 qua
679 3058 775 3121 nimis
794 3058 945 3122 atrociter
962 3057 1122 3142 nimisque
1144 3058 1331 3141 frequenter

278 3162 369 3225 abuti
391 3161 482 3238 solet,
498 3161 656 3231 vindicem
679 3160 757 3222 iram
781 3158 925 3222 offendit.
971 3157 1067 3233 Unde
1090 3169 1164 3236 eta
1190 3160 1330 3243 quodam

278 3263 409 3327 metrice
425 3263 547 3326 dictum
563 3271 628 3343 est:

490 3395 600 3463 Christe,
612 3396 651 3448 tui
664 3395 752 3449 calicis
764 3395 851 3466 praedo
863 3395 893 3448 fit
905 3395 991 3466 praeda
1004 3395 1129 3464 Calucis‚²

491 3466 556 3519 AEre
566 3466 638 3519 brevi
651 3465 731 3536 deicis
743 3467 787 3536 qui
800 3466 860 3518 tulit
870 3483 921 3518 aera
933 3465 1026 3518 crucis.

315 3588 323 3620 ¹
344 3586 494 3640 “Historici
518 3604 591 3657 paene
615 3603 704 3638 omnes
728 3594 779 3637 tre·
828 3584 946 3653 signavit,
965 3582 1010 3636 lib.
1033 3601 1060 3636 x.
1078 3601 1104 3652 p.
1127 3581 1207 3639 '7812’
1245 3582 1329 3653 Bouq.

280 3657 345 3709 dunt
370 3656 531 3709 Gulielmum
551 3655 649 3707 Rufum
670 3671 685 3706 a
698 3653 779 3706 (1991-
829 3654 869 3705 To
881 3655 954 3705 these
966 3669 1027 3722 may
1038 3652 1071 3704 be
1083 3651 1167 3704 added
1179 3651 1224 3703 the
1237 3653 1330 3704 autho-

279 3724 334 3778 tero
360 3726 455 3779 Tirello
479 3726 536 3778 neci
560 3725 693 3777 traditum.
730 3723 779 3775 1119
827 3723 899 3774 rities
932 3721 1010 3774 uoted
1031 3721 1059 3772 in
1071 3721 1115 3773 the
1127 3729 1201 3773 notes
1222 3730 1250 3773 to
1267 3722 1330 3774 Ful-

280 3813 339 3848 9999
369 3813 429 3848 cum
461 3797 608 3863 juramento
641 3793 778 3858 asserebat,
827 3791 888 3844 ler's
910 3738 1013 3843 dhureh
1035 3790 1151 3861 History,
1172 3791 1199 3843 ii.
1212 3793 1256 3846 47.
1274 3791 1330 3844 Ox.·

280 3867 393 3939 quocica
416 3866 456 3918 die
485 3883 529 3918 aec
556 3866 583 3917 in
604 3882 656 3918 cem
680 3871 778 3934 partem
828 3861 892 3914 ford.

279 3935 388 4004 sylacio
401 3953 449 4004 qua
461 3934 517 3987 Res
528 3935 664 3986 venabatur
674 3933 778 4000 venerit,
862 3931 873 3963 ²
891 3928 1145 3996 Chalus—Chabrol,
1160 3929 1243 3997 Bouq.
1280 3929 1329 3981 See

279 4023 324 4058 nec
346 4024 400 4058 eam
425 4007 452 4057 in
474 4003 544 4074 syloa
561 4005 660 4056 omnino
679 4004 779 4069 viderit,
827 4000 881 4052 also
894 3999 1001 4051 another
1014 4000 1054 4068 epi
1074 4016 1127 4050 ram
1140 3997 1333 4062 onRichard’s

280 4074 363 4144 inquit
389 4073 510 4144 sugerius
534 4082 604 4124 tomo
626 4081 711 4123 nostro
731 4072 777 4123 xii.
828 4069 904 4121 death
926 4069 953 4120 in
972 4068 1016 4120 the
1038 4016 1133 4121 Cimon.
1146 4067 1176 4120 of
1191 4067 1221 4122 P.
1234 4067 1330 4132 Cora13

279 4162 305 4213 p.
320 4140 363 4198 122
398 4143 466 4195 Vide
488 4141 640 4194 Ordericum
654 4139 776 4205 Vitalem,
828 4138 855 4189 in
880 4138 1007 4207 Bouquet,
1032 4147 1095 4190 tom.
1121 4126 1199 4190 xviii.¹
1216 4130 1244 4206 pL
1269 4134 1328 4203 239,

278 4214 322 4283 qui
342 4213 459 4266 eamdem
472 4213 596 4265 visionem
611 4210 705 4262 litteris
717 4227 776 4261 con-
827 4207 878 4260 and
891 4207 934 4260 the
946 4218 1015 4261 note.
