3000 5040
195 447 319 540 arra]
428 468 476 520 ou
502 461 767 526 msrrtucnons
789 470 1004 522 rnmouun.
1185 459 1247 523 199

194 621 348 700 visitaret,
371 622 411 685 ad
437 643 541 685 casam
567 622 637 706 ejus
657 621 810 698 accessit;
828 620 880 684 cui
901 619 1044 706 pulsanti
1067 620 1108 684 ad
1130 621 1248 685 ostium

194 745 318 808 pauper
343 723 480 808 aperuit,
496 722 614 786 multas
639 723 724 786 inter
749 733 866 786 caetera
887 722 1006 807 gratias
1021 722 1051 785 ei
1078 745 1174 808 super
1189 723 1249 788 im·

194 847 293 908 pensa
307 825 369 888 sibi
384 825 516 888 caritate
530 824 682 902 referem,
699 824 944 908 Dominamque
961 825 1110 908 precibus
1126 826 1248 891 devotis

194 926 235 988 ad
260 926 507 990 retributionem
532 925 689 1004 invitans;
721 924 882 990 Comitem
904 926 1002 990 etiam
1025 949 1139 1011 rogans
1169 951 1248 1013 qua-

194 1027 281 1091 tinus
305 1028 482 1112 praeposito
508 1026 605 1104 villae,
632 1027 725 1112 cujus
750 1050 826 1090 eum
854 1050 939 1091 curae
962 1014 1246 1107 commendaverat,

194 1130 270 1213 quia
282 1130 442 1212 benignus
457 1128 488 1193 ei
502 1128 618 1205 fuerat,
635 1138 745 1212 gratiis
768 1129 933 1192 existeret.
979 1129 1122 1193 Demum
1136 1144 1245 1196 autem

193 1240 267 1314 post
292 1253 453 1294 sermones
477 1229 634 1315 plurimos
662 1231 787 1314 rogavit
814 1230 974 1294 Comitem
997 1242 1030 1294 et
1051 1231 1246 1315 impetravit,

193 1332 346 1416 quatinus
368 1333 475 1416 ipsum
496 1332 532 1394 in
555 1354 641 1416 equo
663 1355 722 1397 suo
744 1355 853 1396 secum
875 1333 917 1396 ad
931 1332 1039 1396 villam
1061 1344 1100 1396 ut
1122 1334 1246 1398 diutius

192 1435 322 1498 interim
337 1434 368 1498 ei
381 1433 471 1518 loqui
483 1443 600 1518 posset,
617 1456 711 1497 causa
730 1433 796 1497 Dei
812 1434 1005 1518 deportaret.
1052 1433 1151 1500 Quod
1173 1457 1248 1498 cum

192 1535 314 1599 factum
328 1535 453 1610 fuisset,
467 1534 636 1618 multaque
656 1534 760 1598 obiter
775 1535 815 1598 ab
837 1535 907 1620 ipso
921 1535 1019 1599 verba
1040 1536 1125 1599 bona
1145 1536 1249 1599 moni-

194 1647 291 1721 taque
307 1636 420 1700 salutis
432 1635 596 1712 audiisset,
619 1637 832 1700 descendente
847 1659 952 1700 coram
966 1638 1087 1722 palatio
1109 1637 1247 1715 Comite,

192 1741 337 1824 leprosus
364 1739 426 1803 iste
454 1738 625 1825 diligenter
659 1739 835 1823 requisitus
863 1762 1024 1824 nusquam
1056 1741 1245 1825 comparuit.

195 1842 310 1906 Comes
324 1852 432 1905 autem
447 1863 521 1904 cum
533 1841 685 1906 accersito
700 1843 831 1926 majore,
845 1841 966 1905 scilicet
986 1843 1162 1926 praeposito
1177 1865 1247 1918 suo,

191 1945 305 2008 remei
320 1954 443 2028 gestam
457 1943 624 2020 indicaret,
640 1954 674 2008 et
689 1943 828 2028 qualiter
843 1943 941 2007 etiam
956 1966 1065 2008 curam
1079 1945 1149 2028 ejus
1172 1967 1248 2028 erga

192 2047 299 2132 ipsum
325 2045 570 2125 collaudaverat,
596 2046 755 2110 admirans
777 2045 833 2108 ille
855 2045 1061 2110 vehementer
1081 2057 1115 2110 et
1137 2047 1248 2110 obstu-

192 2136 335 2233 pescenS,
347 2147 440 2211 illurn
452 2147 491 2210 de
504 2170 569 2230 quo
583 2147 788 2230 loquebatur,
796 2148 864 2231 jam
874 2169 982 2210 mense
994 2147 1062 2210 fere
1077 2157 1247 2224 transacto,

193 2259 355 2333 procerte
375 2256 540 2310 mortuum
554 2247 653 2310 fuisse
668 2257 701 2310 et
721 2246 885 2330 sepultum
903 2247 1083 2325 asserebat3
1106 2249 1192 2311 unde
1214 2259 1248 2312 et

195 2351 352 2414 Comitem
377 2347 580 2412 haesitantem
604 2370 700 2432 super
718 2347 769 2410 his
793 2357 826 2410 et
841 2347 969 2410 credere
991 2369 1056 2410 non
1075 2347 1246 2424 valentem,

192 2453 330 2517 testibus
344 2449 497 2513 adhibitis
517 2448 574 2532 qui
600 2448 749 2532 exequiis
766 2457 799 2511 et
818 2448 995 2532 sepulturae
1019 2470 1125 2512 secum
1148 2449 1247 2512 inter-

192 2564 293 2630 erant,
317 2553 355 2615 ad
380 2551 586 2635 sepulchrum
612 2550 708 2613 etiam
742 2573 817 2613 eum
845 2549 880 2612 in
906 2550 1044 2613 erastino
1072 2573 1165 2613 mane
1191 2551 1246 2613 de-

193 2655 301 2720 duxit.
347 2653 444 2717 Unde
482 2663 516 2716 et
550 2651 711 2716 Comitem
739 2651 826 2715 hunc
866 2651 1057 2714 defunctum
1095 2650 1246 2715 laudibus

192 2756 362 2839 plusquam
398 2753 553 2830 humanis,
588 2753 755 2841 quoniam.
776 2751 1002 2836 hyperbolicis,
1033 2751 1164 2836 quidam
1201 2754 1246 2816 sic

194 2857 356 2921 efferendo
370 2855 542 2919 versiculos
556 2853 614 2917 hos
630 2853 753 2917 emisit:

309 3031 327 3059 “
335 3027 384 3080 llle
395 3027 454 3098 pius
468 3025 632 3080 Theobaldus
644 3034 706 3093 erat,
718 3042 795 3095 quem
807 3025 902 3094 gaudet
914 3025 1008 3079 habere
1018 3032 1025 3062 ¹

369 3097 400 3148 ln
413 3095 483 3149 caelis
495 3095 580 3167 polus,
592 3105 660 3148 terrc
671 3111 758 3148 carere
770 3094 848 3147 dolet.

332 3165 397 3220 Non
410 3166 541 3218 hominem
572 3182 667 3234 ossum,
680 3183 731 3216 non
743 3164 825 3217 audeo
838 3164 923 3218 dicere
934 3181 1048 3232 numen3

367 3236 440 3288 Mors
447 3235 538 3306 probat
549 3183 619 3288 liunc
628 3234 769 3302 hominem,
783 3234 835 3286 rita
846 3235 926 3287 fuisse
938 3233 1024 3289 deum.

334 3306 416 3358 Trans
428 3305 569 3373 hominem,
581 3305 695 3374 citraque
708 3304 795 3368 deum,
808 3322 867 3356 nam
880 3304 939 3374 plus
951 3305 1000 3358 fuit
1013 3305 1084 3371 illo,²

369 3375 468 3428 Nescio
481 3375 539 3444 quis
550 3393 558 3439 3
576 3384 676 3440 neuter,
688 3373 755 3425 inter
766 3382 904 3441 utrumque
916 3373 991 3427 fuit.”

236 3542 335 3608 Quod
350 3550 459 3603 autem
474 3551 594 3624 praeter
608 3550 739 3604 caeteras
762 3542 832 3626 ejus
847 3541 984 3605 virtutes
1006 3541 1040 3604 in
1061 3563 1243 3624 pauperum

191 3641 479 3709 sustentationibus
503 3651 568 3704 tam
592 3641 753 3724 benignus
778 3642 885 3706 fuerat
909 3652 943 3705 et
971 3653 1036 3706 tam
1061 3642 1244 3719 munificus,

191 3746 277 3809 visus
293 3755 341 3808 est
356 3743 452 3805 etiarn
467 3743 500 3806 in
515 3742 608 3805 terris
623 3765 641 3805 a
656 3741 799 3805 Domino
813 3765 857 3805 ex
878 3752 969 3827 parte
984 3742 1083 3806 fuisse
1098 3765 1246 3806 remune-

191 3860 291 3912 ratus.
336 3846 462 3910 Praeter
475 3844 536 3907 hoc
552 3843 638 3908 enim
653 3844 741 3928 quod
755 3844 894 3909 feliciter
909 3854 943 3908 et
962 3844 1135 3928 tranquille
1150 3845 1244 3924 vixit,

191 3961 355 4032 terrasque
371 3969 444 4010 suas
463 3955 569 4009 tantas
595 3954 662 4008 tam
678 3945 810 4031 pacifice
835 3945 933 4023 rexit,
950 3945 1090 4008 filiorum
1114 3969 1245 4030 quoque

227 4121 303 4173 ¹Ille
328 4137 423 4187 comes,
447 4136 534 4172 eomes
561 4117 605 4170 ille
634 4119 692 4189 pins
778 4117 961 4171 ²-deum
990 4118 1049 4189 plus
1079 4118 1128 4170 hoc
1158 4119 1244 4172 minus

192 4190 356 4244 Theobaldus
370 4197 424 4243 eret
436 4206 513 4259 quem
531 4188 635 4242 Gaudet
647 4188 692 4241 ha-
744 4187 809 4240 illud
820 4187 1012 4242 :-Variations
1042 4188 1069 4240 in
1094 4188 1244 4259 Knyghton,

191 4262 251 4315 bere
263 4259 345 4331 polus
744 4261 823 4326 2385,
836 4257 887 4310 and
900 4257 957 4311 Lib.
970 4257 1003 4312 iv.
1019 4261 1060 4311 13.
1199 4259 1200 4262 ’
