3000 5040
264 499 328 564 130
571 511 753 569 oramaus
777 509 1006 562 emesenam

700 815 782 879 Car.
798 813 884 878 XX.

263 968 316 1030 De
333 967 452 1029 mamtiis
473 964 516 1027 ad
535 965 760 1047 Imperatorem
773 963 921 1026 Graecam
944 962 1143 1037 transmissis,
1151 961 1316 1046 primoque

307 1071 410 1151 captis
429 1077 460 1130 et
477 1068 620 1142 detentis,
635 1066 746 1128 deinde
760 1088 800 1128 eor
815 1066 923 1126 timore
937 1065 1073 1127 remissis
1087 1073 1118 1126 et
1132 1065 1316 1127 victualium

299 1172 373 1251 foro
388 1173 549 1232 comeesso.¹

99 1361 241 1401 mamm
311 1328 519 1392 Ineunnroa
555 1327 686 1411 quidem
715 1326 900 1410 episcopum
928 1326 1215 1390 Monasteriensem
1243 1350 1316 1390 cum

100 1411 172 1520 fflffl
180 1412 246 1500 illihe
267 1431 337 1494 aliis
371 1430 563 1513 quibusdam
599 1428 809 1513 principibus,
838 1429 898 1491 sub
934 1428 1071 1491 obtentu
1107 1429 1203 1512 pacis,
1233 1428 1318 1492 Con·

99 1510 506 1616 ffilmstantinopolim
526 1532 594 1615 jam
619 1540 693 1593 ante
717 1530 942 1593 transmiserat.
989 1529 1081 1596 Quos
1103 1531 1319 1614 nequissimus

100 1611 253 1700 'diei'ffffl
266 1644 299 1698 et
324 1632 461 1696 crudelis
490 1633 668 1717 tyrannus⁹
696 1632 829 1696 retrusit
857 1632 892 1694 in
922 1654 1089 1708 carcerem,
1118 1655 1177 1696 nec
1206 1657 1317 1717 pacem

99 1710 220 1801 &iim
265 1737 363 1820 legati
391 1734 509 1798 violare
548 1734 741 1818 perhorruit,
772 1756 869 1817 quam
904 1734 1001 1796 ctiam
1041 1735 1127 1818 apud
1166 1735 1317 1798 barbaros

265 1837 373 1901 sanxit
405 1835 591 1918 antiquitas,
621 1835 818 1898 consuetudo
851 1837 1019 1920 approbat,
1048 1836 1197 1900 honestas
1233 1859 1319 1899 com-

265 1939 405 2002 mandat.
450 1937 661 1999 Postmodum
685 1959 760 1999 vcro
788 1947 878 2000 metu
906 1938 1016 2022 potius
1040 1960 1137 2021 quam
1160 1939 1244 2023 juris
1269 1939 1316 2000 in·

265 2041 354 2104 tuitu
383 2039 508 2114 ductus,
534 2037 657 2121 legatos
685 2037 800 2120 ligatos
829 2039 976 2118 absolvit,
998 2062 1073 2102 nam
1102 2039 1191 2102 urbis
1217 2040 1317 2122 regiae

265 2141 400 2205 timebat
422 2139 597 2216 excidium,
612 2140 639 2202 si
661 2150 842 2202 nostrorum
857 2140 951 2203 citius
971 2163 1034 2203 non
1049 2141 1205 2226 placasset
1219 2142 1319 2205 offen·

265 2265 342 2306 sam.
387 2241 533 2325 Dignum
554 2263 629 2303 sanc
645 2240 733 2324 quod
753 2241 831 2304 urbs
849 2241 905 2304 illa
926 2241 994 2305 solo
1008 2253 1102 2305 tenus
1118 2265 1226 2307 eversa
1245 2267 1320 2328 pro-

266 2344 441 2406 cumberet.
501 2341 587 2405 Nam
624 2342 651 2404 si
679 2343 774 2405 famae
810 2343 960 2421 creditur,
990 2344 1080 2406 novis
1113 2344 1319 2428 polluebatur
1355 2355 1359 2359 ’

266 2444 478 2521 Mahumetis,
501 2465 582 2528 quos
606 2443 748 2528 perfidus
770 2443 950 2529 Imperator
972 2445 1150 2509 indulserat
1174 2447 1255 2525 fieri,
1279 2460 1318 2512 ut
1426 2434 1430 2439 ⁴

265 2547 374 2609 foedus
397 2545 484 2629 quod
499 2531 702 2609 Turchorum
723 2546 840 2610 inierat
854 2548 1050 2631 conjuratus,
1066 2549 1226 2632 obligatus
1243 2574 1318 2614 con-

265 2647 416 2711 firmaret.
471 2648 544 2710 Jam
573 2662 667 2710 aestas
694 2646 854 2710 decoctior
881 2647 917 2710 iu
947 2658 1139 2712 autumnum
1157 2653 1316 2734 vergebat,

266 2759 300 2812 et
331 2749 441 2813 Librae
478 2749 605 2833 signum
634 2749 771 2833 quadam
800 2749 986 2834 aequalitate
1015 2760 1197 2836 temporum
1233 2755 1319 2819 diem

265 2861 459 2936 noctemque
481 2850 629 2914 librabat.
675 2850 854 2935 Imperator
876 2851 1107 2930 Romanorum,
1131 2854 1208 2918 Rex
1231 2879 1320 2940 mag-

266 2952 392 3048 nificus,
429 2952 601 3034 hyemandi
642 2952 746 3035 gratia
783 2951 1028 3036 Adrianopolim
1068 2956 1182 3034 tendit,
1223 2981 1320 3041 quam

266 3054 397 3115 vacuam
413 3063 446 3114 et
466 3053 506 3114 ab
520 3053 632 3114 incolis
647 3053 803 3116 desertam
824 3053 995 3136 ingressus,
1011 3055 1131 3120 ibidem
1148 3060 1319 3123 stationem

267 3153 396 3229 faciens,
412 3153 561 3216 movendi
575 3163 678 3215 castra
692 3163 818 3236 tempus
834 3165 995 3238 expectat.

312 3253 394 3315 Dux
418 3252 548 3316 Suabiae
570 3253 655 3315 filius
676 3253 882 3337 Imperatoris
903 3254 1019 3318 timens
1041 3279 1082 3334 nc
1103 3259 1170 3322 otia
1191 3262 1319 3342 luxum,

268 3355 367 3418 luxus
376 3354 532 3438 ignaviam
541 3366 679 3439 pareret,
689 3354 828 3439 subipso
836 3365 979 3439 tempore
987 3356 1133 3441 hyberno
1142 3365 1321 3430 exercitum

269 3458 484 3520 exercendum
499 3457 624 3534 statuit,
639 3466 673 3520 et
688 3466 825 3519 castrum
841 3458 1013 3540 quoddam,
1029 3462 1117 3543 quod
1138 3485 1203 3526 non
1225 3465 1319 3551 longe

269 3561 309 3623 ab
337 3559 418 3622 urbe
446 3559 600 3644 praedicta
629 3558 778 3635 distabat,
802 3581 991 3643 expugnans
1016 3565 1191 3630 contendit.
1237 3567 1320 3632 Illuc

271 3661 380 3724 Graeci
395 3661 627 3738 confluxerant,
641 3671 681 3724 ut
694 3660 769 3724 inde
791 3660 818 3724 si
841 3683 920 3744 quas
940 3675 1072 3746 possent
1090 3665 1215 3731 Latinis
1228 3671 1321 3734 moli-

269 3772 381 3825 rentur
395 3761 536 3840 insidias,
558 3762 620 3826 loci
645 3763 824 3851 munitione
847 3764 969 3841 confisi,
990 3765 1046 3830 sed
1068 3768 1213 3849 confusi3
1247 3795 1321 3836 nam

271 3864 367 3926 celeri
380 3865 513 3926 victoria
530 3864 655 3940 domiti,
669 3865 756 3942 victi,
772 3865 872 3929 vincti
887 3876 921 3929 et
942 3868 1028 3950 capti
1051 3877 1212 3935 tenentur.
1258 3873 1321 3937 His

271 3965 399 4041 auditis,
423 3965 576 4048 Byzantii
595 3965 744 4051 princeps
760 3965 866 4028 animo
887 3967 999 4050 pejora
1011 3980 1201 4047 veretur,‚et
1222 3975 1323 4040 totius

271 4064 398 4148 imperii
413 4067 529 4129 timens
547 4066 720 4142 excidium,
735 4065 869 4128 festinos
885 4066 926 4128 ad
940 4067 1170 4152 Imperatorem
1192 4075 1323 4139 nuntios

309 4254 316 4285 ¹
336 4253 400 4334 Tbis
421 4255 533 4325 chapter,
544 4255 628 4335 wbicb
649 4255 671 4306 is
692 4255 768 4307 taken
819 4264 875 4325 part
883 4257 912 4308 of
920 4257 964 4309 the
978 4262 1036 4312 alst
1044 4261 1094 4314 and
1103 4262 1154 4315 aad
1163 4264 1281 4364 chapters
1293 4267 1324 4319 of

272 4323 394 4376 verbatim
407 4324 472 4376 from
491 4324 769 4391 DeVsnesaufflonns
820 4325 863 4378 the
876 4326 1171 4385 author'sltinerarium.
1238 4335 1321 4389 Isaac.
