3000 5040
412 489 461 538 nn
486 489 750 541 rusrnuc‘rronn
776 489 989 541 Pruucreunr.
1167 475 1230 536 123

173 637 301 700 dustria·
315 660 380 702 non
399 638 528 724 reliqui,
547 662 643 725 porro
666 664 709 705 ex
731 652 806 726 post
826 642 912 705 facto
936 640 1062 716 claruit,
1077 649 1112 703 et
1132 640 1232 702 nimia

175 739 335 803 evidentia
358 741 464 824 palam
485 742 560 818 fuit,
584 742 756 825 lugubrem
778 744 866 806 illam
888 745 1025 807 duarum
1048 741 1232 825 linguarum

174 841 447 921 lamentationem,
483 867 550 906 non
588 845 786 928 praeteritam
826 856 865 908 ut
901 845 1042 930 primum
1082 843 1230 927 exposui,

176 944 231 1006 sed
254 944 399 1007 futuram
418 946 528 1029 potius
551 948 726 1010 eorundem
753 970 827 1010 cum
850 970 908 1010 suo
931 948 1012 1011 duce
1037 945 1233 1030 populorum

175 1054 314 1128 stragem
357 1045 596 1111 lamentabilem
635 1048 826 1132 designasse.
887 1048 1067 1133 Imperator
1111 1047 1232 1131 quippe
1291 1045 1294 1049 ’

174 1146 389 1224 Frethericus,
416 1147 623 1232 Ungarorum
653 1171 753 1232 regno
782 1149 914 1234 pacifice
954 1160 1145 1226 transcurso,
1175 1171 1234 1233 per

176 1249 367 1312 Graecorum
381 1250 460 1313 fines
475 1250 548 1328 sibi,
560 1274 603 1314 ex
618 1252 752 1334 antiqua
767 1251 951 1314 dominandi
966 1251 1096 1327 invidia,
1109 1251 1233 1334 ubique

175 1351 361 1427 contrarios,
383 1361 421 1414 ut
444 1362 512 1414 erat
535 1362 686 1414 strenuus
708 1352 743 1414 in
765 1352 860 1415 armis
883 1363 916 1415 et
936 1352 1109 1428 animosus,
1129 1352 1234 1414 nullas

173 1452 236 1514 nisi
259 1453 414 1536 sanguine
436 1453 509 1516 fuso
532 1453 674 1536 gaudens
704 1452 851 1516 incedere
869 1454 946 1531 vias,
966 1453 1124 1536 quoniam
1147 1475 1234 1515 arma

174 1555 299 1617 tenenti
328 1555 435 1617 omnia
462 1556 517 1618 dat
540 1555 598 1638 qui
626 1555 730 1618 multa
758 1565 866 1639 negat,
897 1555 1068 1618 destructis
1097 1555 1233 1617 urbibus

176 1666 209 1717 et
224 1655 334 1719 castris
348 1657 483 1732 obrutis,
496 1657 594 1720 fortia
609 1679 740 1740 quoque
752 1657 900 1719 confudit
915 1665 948 1719 et
961 1678 1072 1740 aspera
1085 1665 1234 1740 potenter

175 1756 397 1840 complanavit.
444 1757 508 1820 Sed
531 1758 684 1841 quoniam
706 1756 880 1840 imperialis
903 1757 1051 1840 majestas
1072 1756 1233 1818 neminem

174 1857 254 1920 citra
276 1858 488 1921 defectionem
513 1858 653 1943 impetit,
669 1859 725 1921 sed
749 1857 897 1921 hostibus
921 1857 986 1920 suis
1002 1857 1087 1920 bella
1108 1879 1234 1941 semper

175 1960 298 2036 indicit,
324 1960 523 2044 praemiserat
550 1961 732 2045 Imperator
757 1960 798 2022 ad
828 1959 1016 2022 Saladinum
1044 1959 1232 2044 priusquam

175 2061 237 2123 iter
262 2061 427 2146 arriperet,
453 2062 588 2125 nuncios
619 2070 653 2123 et
677 2061 801 2124 litteras
821 2060 1034 2123 diffiduciatas
1060 2060 1090 2122 ei
1120 2069 1154 2122 et
1179 2059 1233 2122 de·

174 2163 310 2246 spicatas
330 2163 524 2241 inimicitias,
539 2164 602 2227 nisi
621 2162 859 2226 Christianitati
882 2185 980 2245 quam
997 2162 1125 2225 laeserat
1143 2161 1236 2224 satis.

173 2263 305 2341 faceret,
321 2266 361 2327 ad
377 2265 511 2348 plenum
524 2264 761 2328 denuntiantes.
808 2261 899 2328 Quas
920 2263 1056 2337 litteras,
1074 2285 1139 2325 una
1160 2284 1234 2325 cum

174 2365 309 2448 epistola
332 2365 463 2429 Soldani
484 2365 694 2450 responsoria,
717 2365 777 2429 sub
800 2364 920 2427 eisdem
935 2364 1039 2426 verbis
1062 2364 1181 2446 quibus
1200 2373 1234 2426 et

175 2467 303 2551 scriptae
343 2476 429 2544 sunt,
456 2467 509 2530 hic
548 2467 689 2530 inserere
718 2464 836 2530 curavi.
897 2465 1062 2531 Quatinus
1092 2487 1135 2527 ex
1164 2465 1235 2527 istis

175 2569 317 2632 animosa
341 2567 475 2632 Caesaris
495 2567 637 2645 audacia,
661 2589 704 2630 ex
728 2567 793 2631 illis
813 2589 888 2630 vero
918 2566 1069 2651 superbia
1095 2566 1234 2650 tyranni,

176 2681 210 2733 et
223 2669 393 2734 resistendi
406 2669 534 2747 fiducia,
551 2669 741 2734 declaretur.

594 2885 675 2950 Cur.
692 2884 813 2951 XVII.

176 3005 228 3065 De
240 3004 447 3087 Imperatoris
458 3004 666 3082 animositate,
679 3013 709 3066 et
722 3004 837 3066 litteris
848 3003 1069 3088 despicationes
1080 3001 1233 3065 Saladiao

601 3106 814 3168 transmissis.1

182 3225 193 3255 ²
219 3245 240 3274 “
252 3241 509 3318 anrnnmcus,
523 3239 587 3303 Dei
599 3239 703 3324 gratia
715 3238 937 3302 Romanorum
949 3238 1139 3323 Imperator,
1152 3261 1233 3301 sem·
1243 3267 1289 3306 rie
1299 3269 1376 3318 nepe.

175 3364 233 3425 per
242 3341 423 3428 Augustus,
440 3353 474 3405 et
486 3341 629 3405 hostium
652 3341 781 3426 imperii
803 3341 992 3424 magnificus
1008 3340 1232 3423 triumphator,
1243 3317 1397 3407 ddidiit‘m

176 3454 210 3506 et
246 3445 346 3507 totius
383 3443 577 3506 monarchiae
614 3443 799 3513 fortunatus
839 3442 1044 3517 moderator,²
1083 3441 1232 3503 Saladino

213 3624 305 3676 ¹This
316 3624 390 3676 letter
403 3623 426 3674 is
438 3621 585 3674 found'olso
597 3622 623 3673 in
637 3621 677 3674 De
731 3631 879 3691 agreement
895 3622 1012 3675 between
1032 3621 1157 3674 Hoveden
1182 3622 1233 3675 and
1306 3629 1308 3632 ⁴

177 3693 312 3760 Vinesauf,
330 3696 381 3745 258
392 3710 400 3755 ;
413 3691 524 3760 Radulp.
535 3691 566 3742 de
576 3690 677 3757 Diceto,
731 3691 873 3755 Baronius3
890 3691 1002 3744 whereas
1017 3691 1158 3744 Martene’s
1168 3710 1234 3762 copy

178 3762 246 3833 apud
259 3763 295 3815 X.
308 3762 400 3831 Script.
413 3779 439 3830 p.
453 3764 523 3824 640;
544 3760 677 3826 Hovedeu,
730 3761 886 3831 approaches
919 3778 990 3813 more
1019 3761 1108 3829 nearly
1134 3769 1161 3813 to
1190 3763 1234 3814 thc

177 3831 334 3899 f01.370,b;
347 3829 549 3883 andRad.deOo
565 3829 678 3898 geshele,
731 3839 788 3882 text
806 3829 834 3882 ol
852 3829 945 3883 Diceto
964 3831 1015 3882 and
1034 3829 1164 3883 Giraldus.
1202 3831 1233 3883 In

178 3903 205 3953 in
226 3900 366 3954 Martene's
382 3899 493 3970 Amplis.
507 3848 640 3952 collectio.
655 3917 678 3953 v.
730 3899 804 3952 itself
812 3900 864 3952 this
876 3900 976 3952 remark
989 3917 1050 3969 moy
1062 3917 1132 3952 seem
1149 3902 1234 3952 unim-

127 3997 128 4000 ¹
178 3990 204 4041 p.
223 3972 285 4037 577,
307 3970 364 4022 who
382 3969 430 4022 has
448 3968 557 4021 collated
578 3968 600 4020 it
616 3969 679 4022 with
729 3979 851 4040 portant;
869 3970 891 4022 it
902 3970 949 4022 has
967 3971 1000 4022 its
1013 3969 1094 4035 velue,
1107 3969 1234 4035 however,

178 4041 223 4093 the
241 4058 307 4110 copy
319 4040 346 4092 in
363 4039 499 4091 Beronius.
537 4038 593 4090 The
611 4048 679 4091 most
730 4057 758 4091 as
771 4040 924 4108 confirming
935 4039 979 4091 the
990 4039 1092 4107 general
1108 4055 1234 4110 aceurooy

178 4111 316 4180 important
328 4109 465 4162 variatione
477 4125 520 4160 are
531 4109 607 4177 given
619 4108 679 4160 here
731 4109 760 4161 of
769 4109 813 4161 the
825 4119 897 4178 great
909 4109 1028 4161 annalist.
1235 4173 1244 4179 ..

178 4181 205 4232 in
230 4181 274 4232 the
298 4188 380 4232 notes.
425 4179 489 4238 But,
505 4187 532 4230 to
552 4195 611 4230 save
636 4178 679 4230 the
713 4185 716 4195 ⁴
767 4179 828 4231 9Εῐ
843 4178 1112 4246 totius-moderator,
1125 4180 1233 4232 omitted

177 4250 265 4302 reader
283 4248 391 4315 trouble,
410 4249 431 4300 it
451 4248 555 4317 maybe
577 4266 604 4300 as
622 4247 680 4299 well
731 4249 757 4300 in
770 4266 842 4302 some
853 4249 948 4319 copies,
1128 4255 1130 4258 ’

177 4327 204 4370 to
229 4319 334 4372 observe
355 4318 410 4370 that
432 4318 503 4370 there
528 4318 549 4369 is
574 4334 589 4368 a
610 4317 679 4370 close
764 4319 767 4324 ’
