3000 5040
281 470 323 531 50
593 485 775 536 GIRALDUS
800 483 1027 536 OAMBRENSIS

279 655 410 698 manum
447 643 481 698 et
505 634 608 699 visum
632 621 905 701 Cinomannensis
928 644 962 698 et
988 633 1229 740 Andegavensis
1255 631 1336 717 Epi-

279 758 449 821 scoporum
463 735 659 800 dividendas.

324 836 430 902 “Hoc
455 847 563 901 autem
578 846 807 903 testamentum
831 837 926 903 feci
915 861 950 902 1n
974 837 1131 923 praedicto
1155 838 1237 915 loco,
1253 858 1337 899 anno

281 937 514 1002 Incarnationis
529 938 664 1002 Domini
687 959 872 1004 ucnxxxu.
918 940 1018 1006 Quod
1032 941 1122 1005 vobis
1147 940 1224 1004 filiis
1245 939 1336 1016 meis,

279 1062 337 1124 per
358 1040 456 1104 fidem
470 1061 568 1124 quam
593 1040 674 1104 mihi
696 1041 833 1118 debetis,
854 1051 888 1105 et
912 1053 1145 1106 sacramentum
1160 1041 1248 1127 quod
1261 1041 1337 1104 inde

279 1141 359 1204 mihi
378 1141 521 1225 jurastis,
536 1143 691 1226 praecipio
711 1154 749 1206 ut
769 1143 904 1206 firmiter
927 1153 961 1206 et
984 1143 1212 1207 inviolabiliter
1234 1141 1336 1206 teneri

278 1242 420 1320 faciatis3
436 1251 470 1306 et
479 1243 566 1327 quod
577 1266 675 1328 super
686 1266 750 1322 eos,
764 1244 821 1328 qui
835 1244 942 1328 ipsum
952 1244 1088 1309 fecerint
1098 1246 1133 1308 et
1146 1254 1336 1308 executores

278 1344 459 1421 extiterint,
473 1367 605 1408 manum
618 1368 683 1409 non
697 1346 836 1431 ponatis.
878 1346 927 1410 Et
939 1347 1136 1431 quicumque
1150 1357 1261 1411 contra
1273 1346 1335 1408 hoc

277 1446 385 1509 venire
393 1447 668 1530 praesumpserint,
683 1447 937 1531 indignationem
952 1458 986 1511 et
999 1447 1080 1510 iram
1095 1447 1335 1532 Omnipotentis

278 1545 344 1610 Dei
370 1556 404 1611 et
427 1547 684 1633 maledictionem
701 1548 808 1631 *ipsius
823 1547 888 1612 Dei
913 1558 947 1612 et
967 1571 1072 1612 meam
1086 1548 1261 1612 incurrant.

322 1647 457 1712 “Vobis
471 1658 579 1712 autem
591 1647 853 1735 Archiepiscopis
868 1659 903 1714 et
916 1649 1086 1734 Episcopis
1100 1650 1217 1714 mando
1230 1658 1269 1712 ut
1276 1671 1335 1734 per

278 1759 510 1814 sacramentum
534 1751 622 1833 quod
647 1751 726 1815 mihi
748 1751 879 1828 fecistis,
896 1761 930 1814 et
951 1751 1049 1814 fidem
1074 1772 1173 1834 quam
1199 1750 1271 1813 Deo
1300 1760 1334 1813 et

277 1852 357 1914 mihi
365 1851 500 1928 debetis,
513 1852 548 1917 in
558 1853 688 1937 synodis
700 1853 824 1930 vestris,
839 1853 1027 1918 sollenniter
1041 1853 1179 1916 accensis
1194 1852 1333 1915 candelis

277 1953 571 2032 excommunicetis,
581 1965 615 2018 et
629 1954 901 2018 excommunicari
913 1953 1048 2030 faciatis,
1062 1974 1172 2015 omnes
1186 1952 1259 2015 illos
1274 1953 1332 2035 qui

276 2054 337 2117 hoc
347 2064 574 2120 testamentum
581 2079 690 2120 meum
698 2055 875 2139 infringere
884 2053 1167 2140 praesumpserint;
1184 2064 1217 2117 et
1225 2053 1332 2117 sciatis

279 2157 367 2241 quod
388 2155 535 2221 dominus
553 2157 644 2243 Papa
661 2158 722 2221 hoc
744 2166 973 2221 testamentum
987 2178 1095 2220 meum
1109 2155 1228 2239 scripto
1243 2165 1276 2218 et
1290 2155 1332 2217 si-

276 2258 353 2342 gillo
363 2281 422 2322 suo
432 2259 630 2324 confirmavit
641 2259 701 2323 sub
712 2258 972 2322 interminatione
983 2257 1204 2322 anathematis.
1235 2255 1331 2320 Sum-

275 2382 328 2424 ma
341 2363 434 2425 xnvr.
451 2381 488 2426 u.
504 2382 626 2425 marcas
640 2359 776 2444 argenti,
795 2369 829 2424 et
843 2359 1079 2445 quinquaginta
1092 2381 1213 2424 marcas
1224 2358 1316 2422 au1i.’

686 2607 767 2675 Car.
785 2607 925 2674 XVIII.

276 2760 329 2824 De
351 2763 533 2846 priuilegia
562 2785 582 2826 a
608 2745 729 2826 domino
752 2762 847 2846 Papa
863 2759 1046 2825 Ateaeandro
1070 2762 1175 2825 tertio¹
1196 2761 1329 2824 manime

543 2874 641 2948 propt
641 2887 675 2928 er
628 2864 845 2950 tGalenaes
853 2865 1054 2946 perquiritur.
1023 2865 1029 2877 '

111 3039 228 3080 uenae
318 3012 527 3078 Parvlnneln
546 3035 622 3076 vero
644 3035 663 3074 a
685 3011 774 3075 curia
800 3012 950 3076 Romana
973 3022 1039 3075 tam
1063 3010 1105 3073 ad
1127 3010 1214 3094 pacis
1238 3013 1330 3093 regni

111 3090 397 3198 dinammproprii
417 3113 692 3176 confirmationem
714 3134 811 3196 quam
834 3113 981 3175 extranei
1004 3133 1135 3194 quoque
1158 3112 1330 3196 subjectio·

111 3190 232 3298 pappare
182 3239 261 3280 unma-
273 3237 347 3278 nem
363 3213 548 3300 impetravit
564 3213 600 3276 in
615 3214 701 3277 hunc
720 3214 873 3278 modum:
892 3218 914 3250 “
927 3213 1117 3277 Alexander
1136 3213 1329 3298 Episcopus,

112 3288 261 3397 iiiiiiirtiiii,
274 3338 383 3379 servus
410 3336 575 3379 servorum
604 3314 680 3391 Dei,
716 3313 874 3378 dilecto
864 3337 900 3378 111
929 3313 1057 3378 Christo
1086 3314 1155 3378 filio
1185 3312 1330 3379 Henrico

112 3389 224 3438 ”mn
273 3415 391 3479 illustri
413 3415 595 3500 Anglorum
620 3415 706 3498 Regi
729 3415 923 3480 salutemet
951 3415 1158 3501 apostolicam
1179 3416 1331 3480 benedic-

274 3518 406 3582 tionem.
452 3517 584 3584 Quanto
606 3539 775 3602 personam
796 3528 887 3582 tuam
902 3518 1048 3602 ampliori
1063 3517 1225 3602 diligimus
1251 3517 1330 3581 cari-

274 3618 341 3684 tate
355 3628 389 3684 et
403 3619 531 3696 affectu,
548 3627 735 3704 quantoque
757 3619 849 3704 regni
864 3618 1039 3704 Anglicani
1064 3621 1243 3684 fecunditas
1264 3643 1330 3683 non

274 3721 378 3785 solum
404 3720 545 3784 ecclesiae
568 3721 726 3784 Romanae
741 3742 854 3786 verum
879 3722 977 3786 etiam
1001 3721 1150 3786 domibus
1172 3721 1330 3806 religiosis
1389 3757 1392 3763 ,

275 3821 455 3908 Hospitalis
477 3833 511 3886 et
523 3822 650 3886 militiae
666 3821 807 3908 Templi,
822 3845 987 3908 regnoque
1004 3821 1270 3910 Ierosolymitano
1282 3811 1285 3815 ’
1296 3832 1330 3886 et

274 3924 336 3988 toti
360 3923 428 3987 fere
455 3923 601 3988 fidelium
631 3923 702 3987 orbi
729 3923 875 4009 proficua
903 3925 1004 4010 magis
1031 3949 1099 3990 esse
1129 3925 1327 4003 dinoscitur;

274 4039 365 4093 tanto
380 4029 567 4114 diligentius
582 4053 619 4093 ea
635 4049 710 4113 quae
737 4030 778 4093 ad
792 4051 939 4114 personae
954 4028 1209 4093 incolumitatem
1222 4027 1330 4108 regni·

274 4153 338 4215 que
365 4131 416 4194 tui
444 4141 546 4195 status
573 4130 795 4215 integritatem
823 4140 970 4215 spectant
992 4141 1026 4194 et
1049 4128 1328 4213 tranquillitatem,

660 4277 667 4307 ¹
687 4277 718 4329 P.
731 4276 882 4332 Alexander
896 4277 949 4329 111.
