3000 5040
588 505 770 558 GIRALDUS
795 505 1020 556 GAMBRENSIS

723 755 804 819 Car.
821 754 888 818 IX.

277 908 329 968 De
344 907 432 989 Repe
447 907 588 970 chrico
611 908 736 968 interim
759 908 793 967 in
808 904 929 988 Anplia
954 905 1078 987 rapinis
1103 905 1203 966 variis
1229 911 1260 966 et
1282 905 1334 968 dc-

322 1009 470 1070 cimarum
495 1009 708 1070 exactionibus
723 1009 850 1083 intento,
867 1013 898 1068 et
919 1006 1086 1067 visionibus
1101 1006 1334 1089 quampluribus

322 1110 558 1171 commonitoriis
569 1118 599 1171 ct
613 1108 852 1171 comminatoriis
857 1109 985 1189 frustra
998 1108 1057 1169 sibi
1062 1109 1253 1191 propalatis.

322 1259 402 1322 Rex
428 1269 538 1322 autem
560 1257 722 1321 Henricus
744 1257 802 1340 qui
827 1255 1021 1319 decimarum
1043 1254 1173 1318 interim
1193 1257 1335 1320 exactio·

278 1362 398 1436 nibus,¹
413 1360 605 1423 forestarum
627 1359 662 1421 in
686 1359 806 1442 Anglia
827 1357 940 1434 causiS,
964 1357 1123 1440 variisque
1148 1357 1268 1442 rapinis
1293 1359 1333 1421 ad
1355 1403 1357 1405 »

279 1461 536 1544 exaggerandum
558 1459 727 1544 pecuniam
750 1459 852 1522 modis
878 1458 1026 1520 omnibus
1048 1480 1177 1542 operam
1192 1458 1333 1534 dederat,
1352 1448 1355 1454 ⁴

278 1563 389 1626 audito
403 1585 510 1626 rerum
526 1562 659 1625 istarum
675 1572 802 1637 eventu,
820 1560 1044 1645 Comitemque
1067 1583 1086 1623 a
1107 1570 1216 1644 coepto
1230 1561 1333 1624 nulla-

279 1675 373 1727 tenus
387 1685 479 1746 posse
494 1663 645 1738 revocari,
661 1662 877 1746 gravissimam
900 1661 996 1724 etiam
1009 1662 1205 1724 Francorum
1221 1662 1331 1745 Regis,

279 1765 307 1828 si
329 1787 394 1827 non
419 1765 508 1827 ocius
531 1775 708 1840 revocetur,
724 1763 975 1847 indignationem
994 1764 1113 1847 pariter
1139 1773 1172 1826 et
1192 1763 1333 1847 despica-

281 1866 418 1943 tionem3
441 1865 574 1949 visoque
598 1875 631 1927 et
644 1865 860 1929 animadverso
875 1875 976 1928 totam
992 1865 1026 1927 in
1048 1865 1151 1927 filium
1172 1865 1333 1928 machina-

279 1967 400 2032 tionem
416 1989 517 2042 suam,
533 1967 576 2030 sic
591 1977 629 2029 ut
644 1989 768 2051 semper
787 1977 1004 2044 consueverat,
1021 1977 1054 2030 et
1075 1968 1333 2030 excommunica·

281 2069 378 2131 tionis
404 2068 597 2132 sententiam
622 2090 680 2152 per
704 2069 810 2152 ipsum
836 2078 902 2131 tam
925 2066 1144 2151 sollempniter
1166 2067 1272 2131 datam
1298 2069 1332 2130 in

280 2181 378 2254 caput
392 2170 558 2254 proprium
573 2192 779 2247 reversuram,
795 2170 912 2233 anxius
934 2177 967 2232 et
990 2169 1100 2231 dolens
1113 2192 1223 2232 versus
1245 2192 1332 2233 mare

280 2269 534 2334 Normannicum
550 2269 811 2333 transfretaturus
826 2270 982 2334 accessit!
1020 2271 1145 2334 Multos
1167 2281 1276 2334 autem
1297 2271 1333 2333 in

279 2370 400 2454 Anglia
430 2383 464 2435 et
491 2372 558 2435 fere
587 2375 722 2456 majores
752 2381 892 2448 cunctos,
923 2394 983 2435 nec
1012 2372 1127 2435 solum,
1152 2372 1269 2435 amicos
1299 2382 1333 2435 et

279 2475 468 2538 domesticos
490 2496 602 2538 verum
627 2474 724 2537 etiam
751 2473 995 2550 inimicissimos,
1020 2496 1139 2557 eosque
1167 2474 1331 2557 praecipue

279 2599 359 2661 quos
388 2576 488 2660 magis
517 2597 631 2638 exosos
659 2574 800 2637 habebat
825 2584 858 2637 et
894 2585 1068 2658 suspectos,
1099 2574 1171 2637 illos
1200 2575 1331 2660 quidem

276 2681 441 2744 blanditiis
454 2680 596 2744 alliciens
610 2688 643 2742 et
656 2679 829 2763 promissis,
842 2678 920 2741 istos
933 2701 1009 2742 vero
1031 2679 1331 2743 comminationibus

278 2802 395 2865 urgens
408 2792 442 2846 et
457 2791 625 2865 potestate,
641 2803 767 2843 crucem
780 2780 941 2864 suscipere
953 2780 1051 2856 fecit;
1068 2780 1154 2844 unde
1176 2791 1209 2844 et
1225 2802 1330 2843 coram

275 2883 399 2967 magnis
411 2882 603 2966 quibusdam
617 2881 703 2956 viris,
720 2881 776 2944 sed
789 2881 999 2944 familiaribus
1011 2891 1127 2960 tamen,
1138 2881 1330 2965 quandoque

276 2985 374 3047 verba
397 2981 619 3068 hujuscemodi
632 3002 675 3044 ex
699 2981 895 3044 abundantia
907 2981 1009 3043 cordis
1032 2983 1156 3047 emisit:
1180 2988 1202 3018 “
1213 2981 1329 3045 Nonne

278 3084 504 3160 Francorum,”
524 3083 642 3166 inquit,
659 3082 818 3166 “Regem
839 3092 932 3147 caute
952 3083 1030 3146 satis
1053 3083 1329 3147 circumveniendo

279 3185 402 3268 decepi,
416 3206 513 3268 quem
525 3194 614 3246 tanto
628 3182 731 3246 labori
745 3193 778 3245 et
797 3193 863 3246 tam
883 3182 1072 3266 periculoso,
1097 3206 1140 3246 ex
1160 3183 1328 3260 industria,

278 3296 315 3348 ut
332 3285 526 3370 obligaretur
537 3284 665 3362 induxi,
689 3307 762 3347 cum
775 3294 881 3347 tamen
903 3285 938 3346 in
953 3307 1005 3348 me
1021 3287 1090 3348 est³
1102 3284 1154 3347 vel
1174 3284 1237 3348 iter
1252 3284 1329 3347 arri·

277 3410 353 3472 pere
366 3386 417 3449 vel
440 3386 673 3470 supersedere.”
718 3384 813 3448 Unde
835 3396 868 3449 et
889 3408 955 3448 non
976 3386 1038 3449 nisi
1060 3385 1094 3448 in
1114 3385 1187 3448 dolo
1202 3407 1329 3455 crucem

278 3489 418 3552 creditur
438 3487 623 3571 suscepisse,
646 3509 719 3550 cum
742 3487 840 3550 vellet
859 3510 879 3550 a
899 3488 987 3551 curia
1010 3487 1167 3563 Romana,
1180 3487 1328 3570 pecuniae

278 3591 473 3668 interventu,
503 3589 587 3652 sicut
609 3589 644 3651 in
670 3587 781 3651 multis
808 3588 929 3652 illicitis
964 3589 1075 3652 crebro
1111 3597 1328 3665 consueverat,

279 3691 488 3754 absolutionis
507 3690 601 3754 facile
620 3691 792 3775 impetrare
813 3713 905 3774 posse
932 3689 1211 3774 dispensationem.
1249 3688 1329 3752 Pro-

278 3793 353 3855 inde
378 3791 599 3856 vehementius
632 3791 851 3854 admirandum
884 3791 1036 3876 quoniam
1073 3801 1225 3874 tanquam
1259 3790 1330 3853 cani

279 3893 509 3978 comparandus
546 3893 581 3955 iu
607 3892 733 3970 foenili;
771 3915 830 3955 nec
867 3892 936 3976 ipse
970 3892 1031 3956 hoc
1064 3891 1194 3976 aggredi
1222 3891 1330 3954 animo

316 4041 322 4070 ¹
344 4040 400 4091 The
419 4038 498 4090 tithes
518 4037 673 4106 mentioned,
686 4055 712 4108 p.
734 4042 778 4092 98.
864 4041 1011 4110 ³Bouquet
1035 4040 1109 4093 reads
1137 4043 1165 4094 in
1188 4058 1260 4100 meo,·
1290 4058 1329 4094 sc.

280 4110 328 4162 See
340 4109 394 4160 also
407 4107 541 4173 Hoveden,
554 4111 614 4160 366.
828 4108 978 4175 voluntate;
1011 4111 1056 4162 the
1085 4120 1206 4162 sentence
1235 4109 1329 4181 having

312 4179 322 4207 ²
339 4178 356 4229 J
359 4177 403 4246 uly
428 4180 468 4243 10,
491 4181 567 4244 1188,
591 4175 710 4228 accordiu
751 4185 778 4228 to
828 4177 893 4230 been
904 4178 949 4232 left
963 4179 1110 4232 unfinished
1121 4179 1156 4250 by
1168 4179 1212 4231 the
1224 4181 1316 4234 scribe.

280 4247 437 4299 Benedictus
449 4247 546 4299 Abbas.
573 4247 620 4298 See
629 4246 683 4298 also
720 4264 778 4297 ove-

279 4317 338 4385 den,
347 4317 365 4371 f.
379 4317 439 4382 367,
452 4316 477 4370 b.
