3000 5040
267 496 331 557 132
516 508 519 513 ’
578 503 762 579 GIRALDU§
788 500 1017 552 camuranam

266 659 370 722 lerant
390 656 475 719 unde
498 655 560 718 sibi
582 653 757 738 providisse
778 659 938 736 poterant,
955 649 1074 731 quibus
1096 657 1222 709 tantum
1237 656 1271 708 et
1290 645 1324 706 in

267 759 418 845 proximo
444 757 635 820 imminebat
656 754 836 817 discrimen.
883 751 1035 814 Ceterum
1058 770 1216 830 nusquam
1246 747 1326 809 adeo

268 860 373 924 verbis
401 858 494 922 infidi
523 857 677 942 principis
704 877 782 938 gens
811 865 919 916 nostra
945 853 1041 914 fidem
1071 850 1197 924 habuit,
1221 859 1260 912 ut
1283 870 1326 910 ex

268 961 377 1024 nimiae
393 959 574 1022 securitatis
588 956 740 1040 neglectu
755 954 909 1018 dissoluta
925 953 1087 1015 incederet
1101 964 1134 1014 et
1149 950 1291 1013 inermis.

315 1060 479 1124 Parthiam
501 1060 601 1143 igitur
620 1056 792 1141 ingressuri
816 1077 904 1118 arma
925 1076 1036 1118 omnes
1058 1053 1228 1137 arripiunt,
1247 1073 1328 1134 quo-

272 1185 344 1226 rum
363 1183 515 1223 numerus
535 1161 596 1224 tria
614 1160 755 1221 militum
775 1157 886 1233 millia,
902 1156 1101 1238 reliquorum
1115 1177 1190 1217 vero
1204 1153 1330 1216 circiter

275 1263 439 1347 octoginta
460 1262 562 1324 millia
587 1259 783 1323 continebat.
828 1258 932 1320 Erant
953 1268 1060 1320 autem
1087 1255 1247 1318 antistites
1261 1253 1328 1337 vij„

275 1363 482 1448 archipraesul
521 1383 616 1436 unus,
646 1361 744 1422 duces
778 1359 853 1434 duo,
884 1358 1016 1422 comites
1047 1357 1132 1434 xix„
1163 1368 1226 1419 tres
1255 1377 1331 1417 vero

278 1466 496 1542 marchiones3
535 1474 568 1526 et
605 1462 675 1525 haec
713 1461 795 1523 acies
829 1472 894 1523 tam
931 1459 1075 1542 insignis,
1106 1480 1165 1521 nec
1196 1456 1330 1541 primam

275 1567 411 1630 similem
441 1566 508 1629 visa
530 1576 578 1628 est
600 1586 659 1626 nec
683 1563 800 1625 habere
823 1572 1021 1645 sequentem.
1067 1561 1117 1623 Ac
1146 1581 1186 1621 ne
1213 1557 1330 1620 molem

276 1680 396 1733 tantam
419 1667 545 1731 confusi
568 1665 689 1729 ordinis
711 1664 856 1727 turbaret
871 1663 998 1740 seditio,
1013 1663 1046 1725 in
1067 1673 1191 1746 partem
1213 1659 1330 1723 trinam

277 1782 364 1834 totus
382 1769 511 1832 secessit
528 1767 708 1845 exercitus;
725 1767 828 1851 prima
843 1767 917 1829 duci
933 1765 1071 1841 Suaviae,
1089 1775 1250 1848 postrema
1268 1760 1332 1823 Im·

275 1871 426 1955 peratori,
453 1870 558 1932 media
587 1868 766 1932 summariis
801 1879 834 1931 et
868 1868 1062 1931 sarcinarum
1091 1863 1247 1928 custodiae
1277 1863 1331 1924 do

277 1983 411 2056 putata;
436 1973 497 2035 dcc.

321 2073 466 2135 Tandem
477 2075 486 2110 ¹
499 2095 574 2135 vero
589 2083 662 2156 post
676 2071 794 2135 multos
810 2083 843 2136 et
865 2094 975 2156 graves
990 2071 1129 2134 insultus
1148 2069 1332 2155 pervenitur

279 2172 437 2251 Iconium,
461 2173 517 2236 ubi
540 2195 680 2257 nequam
702 2173 757 2236 ille
779 2174 924 2258 proditor
943 2195 976 2235 se
990 2173 1076 2236 intra
1096 2172 1185 2235 urbis
1208 2171 1334 2233 munita

278 2274 495 2352 concluserat3
517 2275 618 2338 nostri
633 2286 742 2338 autem
757 2298 821 2338 non
834 2276 930 2359 longe
945 2275 1051 2358 figunt
1066 2273 1213 2349 tentoria,
1229 2272 1332 2356 ignari

278 2398 407 2460 prorsus
423 2376 502 2459 quid
517 2376 584 2439 dies
600 2377 737 2440 crastina
757 2378 899 2441 minetur
915 2376 1079 2440 infestum.
1125 2375 1231 2439 Nocte
1253 2375 1332 2458 ipsa,

280 2500 353 2540 cum
387 2479 455 2562 jam
484 2477 691 2542 Pentecostes
724 2479 909 2542 solemnitas
937 2479 1037 2541 ferme
1069 2477 1182 2540 fuisset
1211 2486 1334 2550 exacta,

279 2579 383 2642 imber
405 2589 514 2642 tantus
537 2590 571 2642 et
596 2591 661 2643 tam
683 2581 855 2643 vehemens
878 2580 984 2656 irruit,
1008 2590 1056 2642 ut·
1070 2578 1158 2642 illius
1183 2576 1332 2662 proeellae

279 2681 432 2745 violentia
464 2682 550 2745 intra
584 2695 675 2767 septa
703 2693 878 2746 castrorum
914 2681 1123 2745 nihilominus
1156 2679 1333 2744 desaeviret.

280 2783 380 2846 Mane
408 2783 504 2860 facto,
534 2785 731 2868 consumptis
757 2785 911 2860 nubibus,
934 2807 988 2847 aer
1012 2783 1125 2847 illuxit
1152 2782 1273 2866 purior,
1304 2791 1338 2843 et

281 2907 353 2949 ecce
380 2885 488 2948 subito
503 2908 577 2947 cum
600 2887 689 2949 tubis
716 2897 750 2950 et
769 2887 929 2971 tympanis
952 2897 985 2950 et
999 2885 1146 2969 clangore
1168 2883 1335 2946 horrisono

282 2985 484 3050 Turchorum
514 2988 675 3051 exercitus
704 2988 954 3072 circumquaque
980 2987 1116 3050 diffusus
1144 2985 1335 3060 immineret,

282 3097 423 3170 quantus
451 3109 509 3149 nec
535 3097 608 3150 ante
623 3088 709 3150 visus
737 3112 796 3152 nec
826 3089 1015 3153 credebatur
1040 3088 1215 3164 videndus;
1251 3086 1339 3169 quod

282 3188 385 3251 sicubi
400 3197 583 3251 tercentena
598 3189 648 3252 vel
666 3189 759 3273 plura
777 3190 925 3273 legantur
940 3190 1039 3252 fuisse
1058 3189 1169 3264 millia,
1185 3185 1338 3251 aestimari

282 3298 442 3373 poterant,
457 3289 618 3352 numerari
632 3312 696 3352 non
716 3302 875 3374 poterant.
922 3290 1016 3354 Hanc
1038 3311 1165 3352 omnem
1188 3288 1336 3352 multitu-

285 3390 392 3452 dinem
406 3389 493 3452 filius
509 3388 652 3466 Soldani,
668 3391 836 3454 Melkinus
850 3393 990 3469 nomine,
1004 3392 1038 3454 in
1053 3413 1138 3454 arma
1153 3391 1334 3467 exciverat;

286 3491 395 3554 volens
408 3491 524 3575 palmae
539 3491 673 3555 titulum
682 3515 791 3556 socero
800 3517 858 3557 suo
871 3493 1063 3558 Salahadino
1074 3493 1258 3578 praeripere,
1270 3502 1336 3554 tam

287 3594 326 3656 de
341 3593 474 3657 victoria
487 3605 604 3670 certus,
621 3617 717 3679 quam
733 3596 772 3659 de
789 3619 921 3659 suorum
935 3617 1069 3659 numero
1079 3618 1114 3658 ac
1128 3595 1248 3657 virtute
1263 3615 1338 3655 con-

285 3695 372 3758 fisus.
433 3693 592 3758 Soldanus
621 3697 752 3760 interim
777 3697 942 3783 cujusdam
967 3697 1064 3761 turris
1092 3718 1241 3780 suprema
1265 3716 1340 3756 con·

285 3797 439 3859 scandens
468 3795 502 3858 in
529 3796 658 3881 specula
681 3798 811 3875 residet,
835 3799 921 3862 unde
946 3799 979 3861 in
1007 3797 1160 3883 subjectis
1189 3817 1336 3859 arvorum

285 3898 397 3982 spatiis
411 3897 493 3960 acies
509 3897 681 3961 bellaturas
698 3899 861 3983 prospicit,
877 3921 1006 3983 sperans
1027 3899 1066 3962 ad
1084 3898 1284 3983 implendum
1306 3897 1340 3958 in

285 3999 434 4082 proximo
450 3999 538 4081 quod
552 4000 677 4062 animus
693 3999 863 4084 promissor
876 4000 1025 4063 futurum
1042 4000 1193 4063 dictabat.
1260 3992 1282 4030 ⁰

330 4099 510 4184 Imperator
524 4123 597 4164 cum
617 4101 788 4184 plerosque
803 4123 934 4164 suorum
956 4101 996 4164 ad
1014 4100 1176 4163 insolitam
1197 4098 1339 4163 hostium

285 4200 528 4265 multitudinem
544 4201 740 4285 trepidantes
760 4203 950 4280 attenderet,
965 4201 1161 4287 magnanimi
1182 4200 1338 4287 principis

650 4349 658 4380 ¹
677 4347 718 4400 De
731 4348 864 4415 Vinesaul,
877 4367 903 4419 p.
917 4353 977 4402 264.
