3000 5040
274 464 337 524 110
588 477 771 529 GIRALDUS
796 477 1024 529 OAMBRENSIS

270 627 328 712 per
350 627 519 691 custodum
533 628 677 712 ipsorum
699 629 914 713 proditionem
936 633 1131 712 occupasse.¹
1176 627 1239 691 Cui
1253 650 1327 690 cum

270 730 439 814 presbyter
456 729 680 792 consolationis
700 731 798 793 verba
822 729 942 793 referre
963 740 1113 813 parasset,
1138 729 1286 813 protinus
1310 751 1329 792 a

272 830 420 894 thalamis
434 832 475 894 ad
489 831 594 893 aulam
610 831 688 894 Rex
703 831 814 895 exivit.

316 931 410 995 Circa
448 933 519 995 haec
558 932 669 997 eadem
705 943 850 1017 tempora
876 933 926 995 vir
963 933 1067 995 bonus
1103 943 1135 996 et
1164 931 1328 995 litteratus

271 1034 353 1096 hanc
389 1034 424 1096 in
462 1033 580 1096 somnis
618 1056 728 1097 vocem
764 1034 896 1110 audivit,
928 1038 949 1068 “
964 1033 1052 1109 Vide,
1088 1034 1165 1117 leqe,
1196 1034 1252 1096 boc
1288 1032 1327 1094 de

271 1135 387 1218 re9e;”
410 1145 444 1197 et
463 1135 611 1198 deorsum
632 1135 772 1210 intuens,
800 1136 882 1199 vidit
903 1136 964 1198 hoc
991 1136 1145 1219 scriptum
1170 1135 1205 1198 in
1230 1144 1327 1210 terra,

272 1238 433 1321 “Siquam
461 1258 560 1298 mcum
591 1236 705 1298 leuauit
733 1258 827 1320 super
853 1260 896 1312 se,
919 1247 950 1298 ct
980 1246 1162 1300 tormentum
1188 1237 1329 1320 portabit

270 1343 305 1402 ia
334 1347 503 1412 tormeat0‚·
539 1347 646 1400 uenter
660 1340 741 1400 caim
771 1341 878 1400 uxoris
913 1340 979 1421 ejus
1005 1340 1187 1400 intumescet
1220 1347 1328 1400 contro

272 1430 369 1503 eum.’'
397 1439 443 1501 Et
469 1438 567 1521 paulo
592 1447 675 1522 post,
711 1444 732 1473 “
748 1439 911 1502 Velobitur
934 1461 1002 1500 cum
1038 1439 1180 1501 velatis.”
1239 1438 1327 1502 Finis

271 1552 379 1605 autem
404 1539 535 1603 visionis
560 1539 657 1624 hujus
680 1540 776 1603 finem
800 1539 901 1623 Regis
925 1563 1143 1605 aerumnosum
1165 1551 1199 1605 et
1223 1540 1329 1625 sepul-

271 1654 355 1707 turae
370 1643 477 1705 locum
492 1640 679 1724 designavit,
695 1641 780 1705 sicut
793 1641 828 1703 in
843 1643 1054 1726 sequentibus
1068 1643 1174 1728 palam
1189 1643 1276 1707 erit.²

737 1844 818 1909 Car.
843 1845 890 1909 X.

273 1997 326 2059 De
360 1995 477 2058 Concita
508 1993 702 2056 Pictooieasi
737 1995 880 2058 Ricardo
913 2018 933 2058 u
958 2006 1057 2080 putre
1082 1997 1259 2074 dissociato,
1287 1997 1330 2059 ad

584 2096 702 2178 Repeto
718 2096 862 2158 Francia
874 2118 1025 2160 conuerso.

323 2245 517 2309 Conantem
527 2244 567 2308 ad
577 2255 708 2329 portum
719 2245 803 2323 inde,
815 2247 872 2330 qui
885 2245 1003 2309 Portus
1012 2267 1047 2308 os
1057 2245 1109 2308 vel
1122 2251 1189 2308 ora³
1200 2246 1327 2324 dicitur,

152 2321 217 2448 ‘53¹⁸
241 2429 248 2438 ο
282 2347 516 2434 [pervenisset]
533 2358 676 2411 matrona
703 2349 852 2432 quaedam
875 2347 1003 2424 nobilis,
1020 2347 1074 2409 cui
1095 2369 1213 2411 nomen
1239 2349 1328 2412 Mar-

159 2459 186 2498 wi
277 2460 386 2536 gareta
401 2450 440 2512 de
456 2449 585 2526 Bohun,
602 2472 620 2512 a
633 2449 818 2534 longinquis
832 2449 924 2533 regni
938 2449 1058 2511 finibus
1073 2450 1231 2532 adipsum
1243 2450 1330 2513 veni·

278 2575 344 2628 ens,
360 2559 434 2636 post
448 2560 553 2614 cetera
566 2550 670 2614 multa
684 2552 813 2614 tandem
828 2572 901 2613 eum
916 2550 951 2612 in
965 2550 1035 2613 haec
1049 2551 1147 2613 verba
1161 2551 1328 2614 convenit:
1400 2631 1402 2635 Ι

278 2651 452 2716 “Domine
468 2651 524 2728 mi,
539 2673 708 2735 nunquam
731 2652 770 2715 de
793 2661 880 2715 statu
894 2660 1000 2714 vestro
1021 2660 1149 2715 tantum
1172 2661 1329 2736 quantum

276 2776 362 2816 nunc
377 2753 525 2816 timorem
546 2755 687 2839 concepi.
734 2753 774 2818 In
786 2752 954 2817 retroactis
967 2753 1087 2816 etenim
1102 2754 1225 2816 cunctis
1239 2776 1330 2837 quae-

277 2877 404 2938 cunque
418 2853 510 2916 nobis
531 2854 702 2919 adversitas
726 2855 894 2931 acciderat,
911 2877 1036 2938 semper
1061 2865 1194 2918 eventus
1208 2866 1329 2919 vestros

277 2955 390 3039 populi
400 2955 582 3018 benedictio
592 2958 792 3035 secundavit3
808 2979 894 3020 nunc
902 2966 1021 3033 autem,
1033 2957 1121 3040 quod
1129 2957 1240 3020 dolens
1249 2957 1329 3034 dico,

278 3057 312 3118 in
327 3055 521 3118 contrarium
542 3057 655 3121 cedit.”
706 3059 841 3123 Etcum
863 3059 1057 3122 decimarum
1077 3059 1278 3122 exactionem
1295 3060 1330 3121 in

278 3184 373 3224 causa
386 3161 485 3224 fuisse
500 3183 596 3244 super
610 3161 669 3225 hoc
684 3161 850 3245 inquirens
866 3160 943 3223 Rex
957 3160 1109 3236 audisset,
1119 3161 1167 3223 ira
1177 3170 1283 3224 motus
1298 3170 1331 3223 et

276 3262 495 3346 indignatione
516 3263 692 3346 respondit,
717 3262 829 3324 “Sine
848 3283 942 3325 causa
963 3261 1103 3345 populus
1117 3261 1178 3324 iste
1193 3284 1332 3346 nequam

276 3363 448 3427 maledicit.
493 3363 545 3426 De
572 3373 679 3426 cetero
697 3385 773 3427 vero
796 3385 861 3426 non
887 3363 955 3426 sine
983 3384 1086 3439 causa,
1102 3362 1128 3425 si
1155 3362 1268 3425 vixero
1296 3373 1330 3426 et

276 3465 381 3528 redire
395 3466 535 3542 valuero,
551 3487 602 3527 me
623 3463 821 3528 maledicet.’'
866 3463 1028 3526 Dominus
1049 3472 1158 3526 autem
1180 3463 1238 3545 qui
1264 3485 1330 3526 non

277 3567 380 3629 solum
393 3567 490 3630 verba
503 3587 614 3630 verum
637 3565 733 3629 etiam
748 3574 909 3629 scrutatur
922 3574 956 3627 et
970 3565 1074 3641 corda,
1099 3563 1251 3647 quoniam
1265 3587 1331 3628 non

276 3667 375 3731 habet
389 3679 521 3732 eventus
536 3668 663 3732 sordida
684 3668 795 3752 praeda
815 3667 927 3742 bonoS,
950 3688 1009 3750 per
1024 3665 1222 3750 inopinatam
1233 3667 1330 3750 paulo

276 3780 350 3852 post
363 3769 653 3854 interemptionem,
669 3779 703 3832 et
717 3790 879 3832 enormem
896 3766 1055 3853 judicavit
1068 3767 1281 3845 exactionem,
1298 3779 1331 3833 et

277 3871 421 3934 acerbam
435 3872 560 3934 evacuit
583 3870 872 3936 comminationem.
918 3869 1006 3933 Mari
1028 3890 1168 3954 namque
1191 3871 1329 3949 Gallico,

314 4068 321 4098 ¹
340 4068 433 4122 Mense
454 4067 542 4136 Junio,
564 4086 605 4121 an.
626 4072 702 4135 1188,
717 4068 779 4121 Phi·
829 4069 893 4121 with
915 4085 986 4122 some
1005 4069 1141 4124 sanction.
1176 4068 1301 4137 Annales,
1314 4069 1332 4122 f.

277 4137 362 4207 lippus
390 4137 675 4208 Castellum-Radulphi
703 4156 778 4191 occu·
828 4139 890 4206 370,
903 4138 930 4191 b.

277 4207 356 4276 pavit.
393 4207 521 4329 Boupret.
863 4209 933 4261 ⁸Sc.
947 4207 1124 4261 Portsmouth.

312 4276 452 4329 ²Narrate
503 4277 557 4330 also
586 4277 623 4346 by
652 4276 777 4330 Hoveden
