3000 5040
255 452 298 513 44
568 469 749 519 GIRALDUS
774 469 999 521 CAMBRENSIS
1063 521 1069 528 ,

254 622 345 676 occat
359 613 464 677 maltis
478 615 597 691 nodis,·
618 624 709 679 occat
723 619 803 680 enirn
818 617 971 701 beneflciis
994 625 1155 694 erectore,
1171 626 1261 679 cocct
1276 620 1310 680 in

249 717 391 799 porendo
409 725 527 800 ternpus
548 709 672 781 oioendi
682 745 695 792 ,·
717 727 807 781 oocot
823 742 886 802 per
900 720 1067 803 flopeltnnt
1089 721 1309 793 correctionis;

254 826 345 880 occat
352 839 414 901 per
427 820 591 881 materiam
605 820 832 882 consolationis.
878 819 962 883 Item
975 815 1171 902 Gregorius:
1196 821 1310 882 Tribus

255 919 351 981 rnodis
366 928 462 983 terret
476 921 564 982 Dens
585 920 728 998 homines,
745 929 780 982 nt
793 920 844 983 cel
861 943 928 982 sero
943 928 1173 984 cornrnntentnr.
1223 919 1309 989 Quia

254 1043 335 1085 nunc
357 1022 458 1098 minis,
474 1043 555 1083 nnnc
572 1021 690 1105 piceis,
706 1043 787 1084 nnnc
809 1023 1047 1085 revelationibus
1069 1023 1216 1106 qnosdono
1238 1044 1309 1091 con-

255 1125 343 1186 cutit.
396 1122 438 1184 Ut
453 1125 507 1206 qni
520 1123 679 1185 oclnntote
693 1125 829 1186 concerti
850 1123 1035 1207 despiciunt,
1051 1125 1191 1186 connati
1211 1132 1309 1185 terro-

253 1225 338 1287 ribns
353 1224 561 1307 corripontnr.
606 1222 652 1285 Et
667 1221 887 1307 Augustinus:
917 1225 1024 1287 Omnis
1044 1224 1144 1287 mobis
1167 1224 1307 1286 antideo

253 1326 332 1387 oioit
346 1334 382 1387 nt
402 1326 599 1408 cominatur,-
621 1333 676 1387 ont
692 1325 760 1387 ideo
775 1334 811 1387 nt
826 1347 888 1409 per
902 1325 990 1388 itinn
1006 1327 1076 1388 boni
1091 1335 1306 1402 exerceantur,

253 1427 304 1488 oei
316 1427 392 1489 nobi
407 1427 597 1510 offlipcntnr.
642 1426 744 1489 Dabit
758 1428 838 1489 enirn
861 1425 946 1489 bonis
967 1426 1167 1502 intellectam,
1182 1428 1307 1488 necatio

253 1538 284 1591 et
298 1529 390 1592 molis
404 1550 443 1591 oc
457 1529 596 1611 reprobis
615 1549 673 1611 per
691 1528 856 1610 principes
874 1549 992 1610 pronos
1007 1536 1038 1590 et
1054 1527 1204 1611 prelatos
1220 1550 1308 1612 peno

246 1631 431 1714 plernnqne
449 1630 622 1692 inchoatur.
668 1629 830 1691 Permittit
851 1631 931 1691 enini
952 1630 1106 1691 Dominus
1129 1638 1192 1692 torn
1211 1631 1309 1713 toppo-

254 1735 352 1794 critos
364 1754 456 1816 quoni
467 1739 498 1792 et
509 1739 658 1813 tyrannos
670 1751 802 1811 repnore
809 1738 943 1813 propter
952 1740 1089 1813 peccota
1098 1732 1307 1815 populorum
1347 1796 1350 1800 ,

253 1833 406 1895 interdurn
432 1835 526 1894 etiam
550 1840 581 1894 et
609 1839 743 1914 propter
762 1839 899 1914 peccato
918 1834 1066 1915 proprio,
1090 1842 1126 1893 nt
1149 1841 1179 1894 et
1206 1854 1309 1894 eornnt

253 1935 382 1996 mundns
409 1933 515 1995 oideot
543 1933 760 2014 confusionem,
790 1940 821 1993 et
846 1940 990 2015 potentes
1017 1935 1051 1995 in
1081 1935 1185 2010 terris,
1213 1935 1308 1996 etiarn

247 2044 400 2118 potentes,
417 2033 524 2098 divina
538 2033 654 2096 ultione
670 2041 883 2116 torqueantur.

298 2135 462 2202 Quantam
490 2146 599 2198 autem
634 2133 902 2216 tranquillitatem
938 2144 971 2198 et
1005 2143 1166 2198 terrenam
1202 2136 1306 2200 adhuc

254 2236 388 2320 gloriam
425 2236 529 2299 eidem
556 2235 640 2299 circa
668 2234 735 2298 dies
764 2235 842 2298 istos
872 2245 906 2298 et
931 2246 1005 2298 ante
1031 2236 1222 2318 longanimis
1248 2259 1305 2301 ex-

253 2347 397 2422 pectator
412 2337 571 2400 Dominus
587 2337 758 2400 clementer
778 2335 956 2413 indulserit,
974 2359 1016 2399 ex
1032 2337 1148 2402 litteris
1170 2362 1307 2423 sequen·

254 2440 351 2517 tibus,
361 2439 537 2523 privilegiis
552 2449 585 2502 et
593 2447 785 2502 testamento
795 2460 926 2522 quoque
938 2438 1067 2522 scripto,
1079 2441 1167 2523 quod
1178 2441 1307 2525 procul-

254 2543 353 2605 dubio
376 2554 481 2605 tamen
496 2543 597 2626 magis
619 2542 790 2605 ostentatio
815 2541 942 2626 peperit
957 2565 1055 2624 quam
1078 2543 1216 2621 devotio,
1232 2567 1305 2608 cum

253 2645 324 2708 aliis
339 2644 531 2728 quibusdam
545 2643 735 2722 intersertis,
751 2653 914 2729 patescere
928 2654 1045 2729 potest.

692 2916 773 2982 Cer.
789 2918 870 2984 XV.

253 3095 383 3157 Litterae
397 3092 591 3155 concordiam
605 3093 704 3176 Repis
725 3092 862 3155 Henrici
884 3113 952 3154 curn
966 3093 1118 3177 Pttttppo
1130 3096 1218 3180 Repe
1230 3120 1307 3180 pro.

695 3196 866 3256 testantes.¹

90 3353 240 3456 fflfgsshffl·
298 3359 318 3388 “
330 3353 514 3416 Hnuarcus
526 3351 591 3414 Dei
603 3351 705 3435 gratia
714 3350 791 3414 Rex
801 3348 943 3434 Angliee,
953 3351 1037 3415 Dux
1048 3352 1258 3418 Normanniae
1273 3367 1307 3420 et

90 3454 242 3554 ggnssffffld
256 3453 454 3537 Aquitaniae,
482 3463 516 3516 et
545 3452 660 3516 Comes
690 3452 899 3535 Andegaviae,
928 3451 1045 3516 dilecto
1074 3463 1108 3516 et
1129 3454 1217 3518 fideli
1247 3479 1306 3519 suo

90 3553 209 3594 ΜΨ·
256 3555 452 3640 Ranulph0²
469 3555 507 3618 de
519 3553 705 3617 Glaunvilla
719 3553 865 3618 salutem.
905 3553 1037 3620 Quanto
1052 3578 1219 3639 personam
1234 3580 1307 3620 nos-

256 3669 337 3721 tram
352 3657 553 3740 Redemptor
570 3655 729 3738 benignus
748 3655 915 3739 respicere,
931 3666 1086 3740 actusque
1105 3668 1230 3721 nostros
1250 3681 1308 3742 per

256 3757 501 3823 misericordiam
524 3779 614 3820 suam
638 3755 764 3819 felicius
794 3756 930 3841 dirigere
957 3757 1106 3842 dignatus
1131 3769 1190 3836 est,
1216 3770 1306 3823 tanto

255 3860 367 3946 majori
393 3859 561 3922 devotione
591 3859 660 3942 ejus
685 3856 856 3940 praeconiis
879 3857 1037 3934 insistere,
1061 3860 1196 3943 ejusque
1222 3882 1312 3945 prae-,

255 3962 356 4046 ceptis
385 3960 514 4023 obedire
545 3959 708 4022 debemus.
753 3956 890 4020 Noverit
911 3957 1012 4040 igitur
1034 3958 1214 4022 dilectionis
1239 3971 1305 4024 tuae

290 4093 298 4124 ¹
317 4094 365 4144 See
377 4109 393 4144 a
403 4090 480 4144 letter
492 4100 519 4142 to
531 4109 546 4143 a
559 4089 657 4143 similar
668 4088 752 4154 effect,
802 4086 910 4139 London
928 4088 955 4140 in
974 4093 1044 4143 1183
1056 4108 1063 4154 ;
1082 4088 1184 4157 Ditem,
1202 4109 1229 4160 p.
1243 4095 1309 4157 615.Ι

254 4164 370 4216 between
379 4161 422 4213 the
435 4170 485 4213 two
498 4161 590 4229 Kings‚
602 4160 629 4211 in
642 4157 707 4211 Rad.
721 4156 753 4208 de
802 4156 855 4209 We
867 4174 928 4226 may
937 4159 1003 4210 refer
1011 4158 1063 4212 this
1075 4159 1157 4226 letter,
1169 4159 1303 4227 therefore,

255 4227 754 4300 Dicet0‚ed.Twysd.p.611.-Wslter
802 4234 829 4278 to
842 4243 895 4279 sn.
909 4230 986 4280 1182.

255 4302 398 4354 Constante
416 4317 468 4353 was
487 4297 588 4352 created
605 4296 710 4366 ,Bishop
728 4296 758 4349 of
838 4295 1001 4363 ²Richard0,
1014 4296 1041 4349 in
1053 4296 1112 4351 MS.
