<?xml version="1.0" encoding="UTF-8"?>
<!DOCTYPE html PUBLIC "-//W3C//DTD XHTML 1.0 Transitional//EN"
    "http://www.w3.org/TR/xhtml1/DTD/xhtml1-transitional.dtd">
<html xmlns="http://www.w3.org/1999/xhtml" xml:lang="en" lang="en">
 <head>
  <title>
</title>
<meta http-equiv="Content-Type" content="text/html;charset=utf-8" />
  <meta name='ocr-system' content='tesseract 3.04.00' />
  <meta name='ocr-capabilities' content='ocr_page ocr_carea ocr_par ocr_line ocrx_word'/>
</head>
<body>
  <div class='ocr_page' id='page_1' title='image "./giralduscambren00giragoog_0177.png"; bbox 0 0 3000 5040; ppageno 0'>
   <div class='ocr_carea' id='block_1_1' title="bbox 276 461 1015 527">
    <p class='ocr_par' dir='ltr' id='par_1_1' title="bbox 276 461 1015 527">
     <span class='ocr_line' id='line_1_1' title="bbox 276 461 1015 527; baseline 0.003 -4"><span class='ocrx_word' id='word_1_1' title='bbox 276 461 339 524; x_wconf 82' lang='lat'><strong>136</strong></span> <span class='ocrx_word' id='word_1_2' title='bbox 583 464 771 526; x_wconf 45' lang='lat' dir='ltr'><strong>ammons*</strong></span> <span class='ocrx_word' id='word_1_3' title='bbox 790 473 1015 527; x_wconf 75' lang='lat' dir='ltr'><strong>oaneernsrs</strong></span> 
     </span>
    </p>
   </div>
   <div class='ocr_carea' id='block_1_2' title="bbox 275 621 1328 793">
    <p class='ocr_par' dir='ltr' id='par_1_2' title="bbox 275 621 1328 793">
     <span class='ocr_line' id='line_1_2' title="bbox 275 621 1328 710; baseline -0.004 -21"><span class='ocrx_word' id='word_1_4' title='bbox 275 626 414 702; x_wconf 82' lang='lat' dir='ltr'><strong>tendam,</strong></span> <span class='ocrx_word' id='word_1_5' title='bbox 430 634 469 689; x_wconf 90' lang='lat' dir='ltr'><strong>ut</strong></span> <span class='ocrx_word' id='word_1_6' title='bbox 482 626 552 710; x_wconf 89' lang='lat' dir='ltr'><strong>ejus</strong></span> <span class='ocrx_word' id='word_1_7' title='bbox 573 625 653 688; x_wconf 88' lang='lat' dir='ltr'><strong>fines</strong></span> <span class='ocrx_word' id='word_1_8' title='bbox 667 625 716 689; x_wconf 87' lang='lat' dir='ltr'><strong>vir</strong></span> <span class='ocrx_word' id='word_1_9' title='bbox 737 635 887 688; x_wconf 88' lang='lat' dir='ltr'><strong>strenuus</strong></span> <span class='ocrx_word' id='word_1_10' title='bbox 909 634 1020 687; x_wconf 92' lang='lat' dir='ltr'><strong>eontra</strong></span> <span class='ocrx_word' id='word_1_11' title='bbox 1041 623 1167 686; x_wconf 90' lang='lat' dir='ltr'><strong>crebros</strong></span> <span class='ocrx_word' id='word_1_12' title='bbox 1185 621 1328 685; x_wconf 89' lang='lat' dir='ltr'><strong>hostium</strong></span> 
     </span>
     <span class='ocr_line' id='line_1_3' title="bbox 275 728 568 793; baseline -0.003 0"><span class='ocrx_word' id='word_1_13' title='bbox 275 739 406 793; x_wconf 84' lang='lat' dir='ltr'><strong>tueatur</strong></span> <span class='ocrx_word' id='word_1_14' title='bbox 418 728 568 792; x_wconf 90' lang='lat' dir='ltr'><strong>insultus.</strong></span> 
     </span>
    </p>
   </div>
   <div class='ocr_carea' id='block_1_3' title="bbox 681 931 925 996">
    <p class='ocr_par' dir='ltr' id='par_1_3' title="bbox 681 931 925 996">
     <span class='ocr_line' id='line_1_4' title="bbox 681 931 925 996; baseline -0.008 0"><span class='ocrx_word' id='word_1_15' title='bbox 681 933 762 996; x_wconf 75' lang='lat' dir='ltr'><strong>Car.</strong></span> <span class='ocrx_word' id='word_1_16' title='bbox 780 931 925 996; x_wconf 89' lang='lat' dir='ltr'>XXIII.</span> 
     </span>
    </p>
   </div>
   <div class='ocr_carea' id='block_1_4' title="bbox 273 1079 1325 1352">
    <p class='ocr_par' dir='ltr' id='par_1_4' title="bbox 273 1079 1325 1352">
     <span class='ocr_line' id='line_1_5' title="bbox 273 1079 1323 1166; baseline -0.005 -18"><span class='ocrx_word' id='word_1_17' title='bbox 273 1086 326 1148; x_wconf 86' lang='lat' dir='ltr'><strong>Dc</strong></span> <span class='ocrx_word' id='word_1_18' title='bbox 337 1081 623 1166; x_wconf 80' lang='lat' dir='ltr'><strong>Imperatorisfllio</strong></span> <span class='ocrx_word' id='word_1_19' title='bbox 636 1103 704 1143; x_wconf 81' lang='lat' dir='ltr'><strong>com</strong></span> <span class='ocrx_word' id='word_1_20' title='bbox 724 1081 879 1144; x_wconf 71' lang='lat' dir='ltr'><strong>exercitos</strong></span> <span class='ocrx_word' id='word_1_21' title='bbox 890 1089 998 1163; x_wconf 79' lang='lat' dir='ltr'><strong>parte,</strong></span> <span class='ocrx_word' id='word_1_22' title='bbox 1017 1080 1072 1144; x_wconf 78' lang='lat' dir='ltr'><strong>aad</strong></span> <span class='ocrx_word' id='word_1_23' title='bbox 1089 1079 1177 1164; x_wconf 70' lang='lat' dir='ltr'><strong>loaqe</strong></span> <span class='ocrx_word' id='word_1_24' title='bbox 1197 1081 1323 1158; x_wconf 78' lang='lat' dir='ltr'><strong>minore,</strong></span> 
     </span>
     <span class='ocr_line' id='line_1_6' title="bbox 317 1181 1325 1268; baseline 0 -20"><span class='ocrx_word' id='word_1_25' title='bbox 317 1185 355 1248; x_wconf 88' lang='lat' dir='ltr'><strong>de</strong></span> <span class='ocrx_word' id='word_1_26' title='bbox 368 1184 539 1249; x_wconf 76' lang='lat' dir='ltr'><em>Antiochia</em></span> <span class='ocrx_word' id='word_1_27' title='bbox 562 1185 690 1268; x_wconf 72' lang='lat' dir='ltr'><strong>Tyrum,</strong></span> <span class='ocrx_word' id='word_1_28' title='bbox 707 1183 744 1246; x_wconf 85' lang='lat' dir='ltr'><strong>de</strong></span> <span class='ocrx_word' id='word_1_29' title='bbox 763 1183 847 1268; x_wconf 73' lang='lat' dir='ltr'><strong>Tyro</strong></span> <span class='ocrx_word' id='word_1_30' title='bbox 861 1183 1007 1259; x_wconf 86' lang='lat' dir='ltr'><strong>Aeonem,</strong></span> <span class='ocrx_word' id='word_1_31' title='bbox 1027 1181 1186 1245; x_wconf 79' lang='lat' dir='ltr'><strong>inatil&#39;ter</strong></span> <span class='ocrx_word' id='word_1_32' title='bbox 1205 1190 1325 1248; x_wconf 81' lang='lat' dir='ltr'><strong>transe-</strong></span> 
     </span>
     <span class='ocr_line' id='line_1_7' title="bbox 316 1298 400 1352; baseline 0.024 -2"><span class='ocrx_word' id='word_1_33' title='bbox 316 1298 400 1352; x_wconf 85' lang='lat' dir='ltr'><strong>onte.</strong></span> 
     </span>
    </p>
   </div>
   <div class='ocr_carea' id='block_1_5' title="bbox 108 1435 1327 3658">
    <p class='ocr_par' dir='ltr' id='par_1_5' title="bbox 108 1435 1327 1927">
     <span class='ocr_line' id='line_1_8' title="bbox 111 1435 1327 1520; baseline 0.002 -24"><span class='ocrx_word' id='word_1_34' title='bbox 111 1456 258 1516; x_wconf 68' lang='lat' dir='ltr'><strong>meremor</strong></span> <span class='ocrx_word' id='word_1_35' title='bbox 317 1437 395 1501; x_wconf 79' lang='lat' dir='ltr'><strong>Nnc</strong></span> <span class='ocrx_word' id='word_1_36' title='bbox 417 1435 513 1520; x_wconf 85' lang='lat' dir='ltr'><strong>longe</strong></span> <span class='ocrx_word' id='word_1_37' title='bbox 538 1446 612 1520; x_wconf 90' lang='lat' dir='ltr'><strong>post</strong></span> <span class='ocrx_word' id='word_1_38' title='bbox 634 1436 703 1499; x_wconf 90' lang='lat' dir='ltr'><strong>dux</strong></span> <span class='ocrx_word' id='word_1_39' title='bbox 725 1435 852 1500; x_wconf 88' lang='lat' dir='ltr'><strong>Suaviae</strong></span> <span class='ocrx_word' id='word_1_40' title='bbox 873 1436 998 1520; x_wconf 83' lang='lat' dir='ltr'><strong>Tyrum</strong></span> <span class='ocrx_word' id='word_1_41' title='bbox 1015 1435 1090 1499; x_wconf 90' lang='lat' dir='ltr'><strong>inde</strong></span> <span class='ocrx_word' id='word_1_42' title='bbox 1105 1435 1271 1511; x_wconf 88' lang='lat' dir='ltr'><strong>transiens,</strong></span> <span class='ocrx_word' id='word_1_43' title='bbox 1293 1445 1327 1499; x_wconf 89' lang='lat' dir='ltr'><strong>et</strong></span> 
     </span>
     <span class='ocr_line' id='line_1_9' title="bbox 110 1506 1325 1624; baseline 0.002 -28"><span class='ocrx_word' id='word_1_44' title='bbox 110 1506 249 1610; x_wconf 52' lang='lat' dir='ltr'><strong>dirffilby</strong></span> <span class='ocrx_word' id='word_1_45' title='bbox 272 1539 477 1624; x_wconf 89' lang='lat' dir='ltr'><strong>postmodum</strong></span> <span class='ocrx_word' id='word_1_46' title='bbox 500 1538 655 1614; x_wconf 84' lang='lat' dir='ltr'><strong>Aeonem,</strong></span> <span class='ocrx_word' id='word_1_47' title='bbox 682 1538 723 1601; x_wconf 87' lang='lat' dir='ltr'><strong>ad</strong></span> <span class='ocrx_word' id='word_1_48' title='bbox 747 1548 893 1601; x_wconf 91' lang='lat' dir='ltr'><strong>nostrum</strong></span> <span class='ocrx_word' id='word_1_49' title='bbox 919 1537 1098 1602; x_wconf 84' lang='lat' dir='ltr'><strong>exercitum</strong></span> <span class='ocrx_word' id='word_1_50' title='bbox 1126 1537 1325 1600; x_wconf 85' lang='lat' dir='ltr'><strong>obsidentem</strong></span> 
     </span>
     <span class='ocr_line' id='line_1_10' title="bbox 108 1605 1324 1726; baseline 0.002 -27"><span class='ocrx_word' id='word_1_51' title='bbox 108 1605 261 1699; x_wconf 47' lang='lat' dir='ltr'><strong>mma</strong></span> <span class='ocrx_word' id='word_1_52' title='bbox 272 1641 392 1726; x_wconf 91' lang='lat' dir='ltr'><strong>pariter</strong></span> <span class='ocrx_word' id='word_1_53' title='bbox 421 1651 455 1704; x_wconf 88' lang='lat' dir='ltr'><strong>et</strong></span> <span class='ocrx_word' id='word_1_54' title='bbox 483 1642 646 1704; x_wconf 91' lang='lat' dir='ltr'><strong>obsessum</strong></span> <span class='ocrx_word' id='word_1_55' title='bbox 680 1662 699 1702; x_wconf 90' lang='lat' dir='ltr'><strong>a</strong></span> <span class='ocrx_word' id='word_1_56' title='bbox 727 1639 815 1722; x_wconf 90' lang='lat' dir='ltr'><strong>Tyro</strong></span> <span class='ocrx_word' id='word_1_57' title='bbox 844 1646 1050 1715; x_wconf 65' lang='lat' dir='ltr'><strong>transvectus</strong></span> <span class='ocrx_word' id='word_1_58' title='bbox 1087 1638 1122 1700; x_wconf 93' lang='lat' dir='ltr'><strong>in</strong></span> <span class='ocrx_word' id='word_1_59' title='bbox 1151 1637 1206 1700; x_wconf 89' lang='lat' dir='ltr'><strong>illa</strong></span> <span class='ocrx_word' id='word_1_60' title='bbox 1234 1647 1324 1721; x_wconf 88' lang='lat' dir='ltr'><strong>peste</strong></span> 
     </span>
     <span class='ocr_line' id='line_1_11' title="bbox 272 1739 1326 1828; baseline -0.004 -23"><span class='ocrx_word' id='word_1_61' title='bbox 272 1743 433 1806; x_wconf 90' lang='lat' dir='ltr'><strong>communi</strong></span> <span class='ocrx_word' id='word_1_62' title='bbox 455 1765 512 1828; x_wconf 88' lang='lat' dir='ltr'><strong>per</strong></span> <span class='ocrx_word' id='word_1_63' title='bbox 534 1741 615 1806; x_wconf 89' lang='lat' dir='ltr'><strong>aeris</strong></span> <span class='ocrx_word' id='word_1_64' title='bbox 636 1741 723 1804; x_wconf 92' lang='lat' dir='ltr'><strong>illius</strong></span> <span class='ocrx_word' id='word_1_65' title='bbox 745 1740 981 1803; x_wconf 82' lang='lat' dir='ltr'><strong>inclementiam</strong></span> <span class='ocrx_word' id='word_1_66' title='bbox 1002 1740 1205 1824; x_wconf 83' lang='lat' dir='ltr'><strong>patriamque</strong></span> <span class='ocrx_word' id='word_1_67' title='bbox 1226 1739 1326 1824; x_wconf 90' lang='lat' dir='ltr'><strong>pesti-</strong></span> 
     </span>
     <span class='ocr_line' id='line_1_12' title="bbox 269 1843 1324 1927; baseline -0.002 -20"><span class='ocrx_word' id='word_1_68' title='bbox 269 1845 380 1922; x_wconf 87' lang='lat' dir='ltr'><strong>feram,</strong></span> <span class='ocrx_word' id='word_1_69' title='bbox 398 1867 457 1908; x_wconf 90' lang='lat' dir='ltr'><strong>nee</strong></span> <span class='ocrx_word' id='word_1_70' title='bbox 480 1867 545 1907; x_wconf 93' lang='lat' dir='ltr'><strong>non</strong></span> <span class='ocrx_word' id='word_1_71' title='bbox 567 1854 600 1906; x_wconf 89' lang='lat' dir='ltr'><strong>et</strong></span> <span class='ocrx_word' id='word_1_72' title='bbox 620 1843 832 1908; x_wconf 87' lang='lat' dir='ltr'><strong>Teutonicam</strong></span> <span class='ocrx_word' id='word_1_73' title='bbox 853 1866 921 1927; x_wconf 88' lang='lat' dir='ltr'><strong>prae</strong></span> <span class='ocrx_word' id='word_1_74' title='bbox 942 1843 1091 1906; x_wconf 87' lang='lat' dir='ltr'><strong>omnibus</strong></span> <span class='ocrx_word' id='word_1_75' title='bbox 1108 1843 1324 1927; x_wconf 86' lang='lat' dir='ltr'><strong>intemperan-</strong></span> 
     </span>
    </p>

    <p class='ocr_par' dir='ltr' id='par_1_6' title="bbox 261 1946 1322 3658">
     <span class='ocr_line' id='line_1_13' title="bbox 268 1946 1189 2029; baseline 0 -21"><span class='ocrx_word' id='word_1_76' title='bbox 268 1947 357 2024; x_wconf 91' lang='lat' dir='ltr'><strong>tiam,</strong></span> <span class='ocrx_word' id='word_1_77' title='bbox 374 1968 448 2009; x_wconf 88' lang='lat' dir='ltr'><strong>eum</strong></span> <span class='ocrx_word' id='word_1_78' title='bbox 462 1946 591 2008; x_wconf 89' lang='lat' dir='ltr'><strong>residuo</strong></span> <span class='ocrx_word' id='word_1_79' title='bbox 607 1968 739 2009; x_wconf 91' lang='lat' dir='ltr'><strong>suorum</strong></span> <span class='ocrx_word' id='word_1_80' title='bbox 752 1946 786 2008; x_wconf 93' lang='lat' dir='ltr'><strong>in</strong></span> <span class='ocrx_word' id='word_1_81' title='bbox 800 1946 890 2008; x_wconf 84' lang='lat' dir='ltr'><strong>brevi</strong></span> <span class='ocrx_word' id='word_1_82' title='bbox 904 1955 1116 2029; x_wconf 88' lang='lat' dir='ltr'><strong>consumptus</strong></span> <span class='ocrx_word' id='word_1_83' title='bbox 1131 1955 1189 2008; x_wconf 89' lang='lat' dir='ltr'><strong>est.</strong></span> 
     </span>
     <span class='ocr_line' id='line_1_14' title="bbox 312 2046 1322 2132; baseline -0.001 -22"><span class='ocrx_word' id='word_1_84' title='bbox 312 2047 409 2123; x_wconf 86' lang='lat' dir='ltr'><strong>Vide,</strong></span> <span class='ocrx_word' id='word_1_85' title='bbox 418 2047 529 2123; x_wconf 90' lang='lat' dir='ltr'><strong>lector,</strong></span> <span class='ocrx_word' id='word_1_86' title='bbox 537 2046 808 2130; x_wconf 86' lang='lat' dir='ltr'><strong>quemadmodum</strong></span> <span class='ocrx_word' id='word_1_87' title='bbox 817 2055 927 2110; x_wconf 88' lang='lat' dir='ltr'><strong>tantus</strong></span> <span class='ocrx_word' id='word_1_88' title='bbox 939 2046 1211 2132; x_wconf 85' lang='lat' dir='ltr'><strong>exereitus,eujus</strong></span> <span class='ocrx_word' id='word_1_89' title='bbox 1222 2047 1322 2110; x_wconf 91' lang='lat' dir='ltr'><strong>moles</strong></span> 
     </span>
     <span class='ocr_line' id='line_1_15' title="bbox 269 2147 1320 2232; baseline -0.001 -21"><span class='ocrx_word' id='word_1_90' title='bbox 269 2148 458 2212; x_wconf 89' lang='lat' dir='ltr'><strong>Christianis</strong></span> <span class='ocrx_word' id='word_1_91' title='bbox 487 2158 555 2211; x_wconf 90' lang='lat' dir='ltr'><strong>erat</strong></span> <span class='ocrx_word' id='word_1_92' title='bbox 584 2148 624 2210; x_wconf 92' lang='lat' dir='ltr'><strong>ad</strong></span> <span class='ocrx_word' id='word_1_93' title='bbox 657 2148 791 2231; x_wconf 86' lang='lat' dir='ltr'><strong>gloriam</strong></span> <span class='ocrx_word' id='word_1_94' title='bbox 821 2158 854 2212; x_wconf 90' lang='lat' dir='ltr'><strong>et</strong></span> <span class='ocrx_word' id='word_1_95' title='bbox 881 2147 1058 2232; x_wconf 86' lang='lat' dir='ltr'><strong>gentilibus</strong></span> <span class='ocrx_word' id='word_1_96' title='bbox 1087 2148 1128 2211; x_wconf 90' lang='lat' dir='ltr'><strong>ad</strong></span> <span class='ocrx_word' id='word_1_97' title='bbox 1155 2159 1320 2226; x_wconf 90' lang='lat' dir='ltr'><strong>terrorem,</strong></span> 
     </span>
     <span class='ocr_line' id='line_1_16' title="bbox 267 2249 1321 2334; baseline -0.002 -21"><span class='ocrx_word' id='word_1_98' title='bbox 267 2250 392 2314; x_wconf 88' lang='lat' dir='ltr'><strong>occulto</strong></span> <span class='ocrx_word' id='word_1_99' title='bbox 415 2249 479 2313; x_wconf 91' lang='lat' dir='ltr'><strong>Dei</strong></span> <span class='ocrx_word' id='word_1_100' title='bbox 501 2249 636 2334; x_wconf 87' lang='lat' dir='ltr'><strong>judicio,</strong></span> <span class='ocrx_word' id='word_1_101' title='bbox 659 2249 715 2312; x_wconf 91' lang='lat' dir='ltr'><strong>sed</strong></span> <span class='ocrx_word' id='word_1_102' title='bbox 737 2271 904 2332; x_wconf 87' lang='lat' dir='ltr'><strong>nunquam</strong></span> <span class='ocrx_word' id='word_1_103' title='bbox 925 2250 1058 2334; x_wconf 89' lang='lat' dir='ltr'><strong>injusto,</strong></span> <span class='ocrx_word' id='word_1_104' title='bbox 1077 2250 1176 2334; x_wconf 86' lang='lat' dir='ltr'><strong>juxta</strong></span> <span class='ocrx_word' id='word_1_105' title='bbox 1189 2249 1321 2312; x_wconf 88' lang='lat' dir='ltr'><strong>visionis</strong></span> 
     </span>
     <span class='ocr_line' id='line_1_17' title="bbox 265 2350 1317 2437; baseline -0.003 -22"><span class='ocrx_word' id='word_1_106' title='bbox 265 2352 464 2437; x_wconf 84' lang='lat' dir='ltr'><strong>praeseriptae</strong></span> <span class='ocrx_word' id='word_1_107' title='bbox 503 2361 647 2414; x_wconf 90' lang='lat' dir='ltr'><strong>tenorem</strong></span> <span class='ocrx_word' id='word_1_108' title='bbox 685 2362 719 2413; x_wconf 87' lang='lat' dir='ltr'><strong>et</strong></span> <span class='ocrx_word' id='word_1_109' title='bbox 746 2351 832 2414; x_wconf 85' lang='lat' dir='ltr'><strong>vocis</strong></span> <span class='ocrx_word' id='word_1_110' title='bbox 860 2350 1008 2434; x_wconf 87' lang='lat' dir='ltr'><strong>lugubris</strong></span> <span class='ocrx_word' id='word_1_111' title='bbox 1045 2351 1317 2427; x_wconf 87' lang='lat' dir='ltr'><strong>lamentationem,</strong></span> 
     </span>
     <span class='ocr_line' id='line_1_18' title="bbox 265 2452 1320 2517; baseline -0.001 -1"><span class='ocrx_word' id='word_1_112' title='bbox 265 2454 490 2517; x_wconf 86' lang='lat' dir='ltr'><strong>miserabiliter</strong></span> <span class='ocrx_word' id='word_1_113' title='bbox 518 2453 702 2516; x_wconf 87' lang='lat' dir='ltr'><strong>exinanitus</strong></span> <span class='ocrx_word' id='word_1_114' title='bbox 731 2453 872 2517; x_wconf 89' lang='lat' dir='ltr'><strong>evanuit.</strong></span> <span class='ocrx_word' id='word_1_115' title='bbox 917 2452 1107 2516; x_wconf 84' lang='lat' dir='ltr'><strong>Notandum</strong></span> <span class='ocrx_word' id='word_1_116' title='bbox 1135 2452 1195 2516; x_wconf 91' lang='lat' dir='ltr'><strong>hoc</strong></span> <span class='ocrx_word' id='word_1_117' title='bbox 1223 2452 1320 2516; x_wconf 90' lang='lat' dir='ltr'><strong>etiam</strong></span> 
     </span>
     <span class='ocr_line' id='line_1_19' title="bbox 267 2554 1319 2640; baseline -0.002 -21"><span class='ocrx_word' id='word_1_118' title='bbox 267 2556 355 2640; x_wconf 92' lang='lat' dir='ltr'><strong>quod</strong></span> <span class='ocrx_word' id='word_1_119' title='bbox 368 2557 416 2618; x_wconf 85' lang='lat' dir='ltr'><strong>vir</strong></span> <span class='ocrx_word' id='word_1_120' title='bbox 431 2566 540 2619; x_wconf 88' lang='lat' dir='ltr'><strong>tantus</strong></span> <span class='ocrx_word' id='word_1_121' title='bbox 560 2555 601 2618; x_wconf 92' lang='lat' dir='ltr'><strong>ad</strong></span> <span class='ocrx_word' id='word_1_122' title='bbox 616 2555 736 2618; x_wconf 87' lang='lat' dir='ltr'><strong>Christi</strong></span> <span class='ocrx_word' id='word_1_123' title='bbox 752 2554 944 2638; x_wconf 90' lang='lat' dir='ltr'><strong>obsequium</strong></span> <span class='ocrx_word' id='word_1_124' title='bbox 959 2565 1025 2618; x_wconf 89' lang='lat' dir='ltr'><strong>tam</strong></span> <span class='ocrx_word' id='word_1_125' title='bbox 1045 2555 1172 2638; x_wconf 85' lang='lat' dir='ltr'><strong>egregie</strong></span> <span class='ocrx_word' id='word_1_126' title='bbox 1187 2564 1319 2637; x_wconf 89' lang='lat' dir='ltr'><strong>tamque</strong></span> 
     </span>
     <span class='ocr_line' id='line_1_20' title="bbox 266 2657 1319 2742; baseline -0.003 -21"><span class='ocrx_word' id='word_1_127' title='bbox 266 2659 379 2722; x_wconf 90' lang='lat' dir='ltr'><strong>devote</strong></span> <span class='ocrx_word' id='word_1_128' title='bbox 410 2669 506 2742; x_wconf 93' lang='lat' dir='ltr'><strong>prout</strong></span> <span class='ocrx_word' id='word_1_129' title='bbox 528 2658 697 2721; x_wconf 91' lang='lat' dir='ltr'><strong>videbatur</strong></span> <span class='ocrx_word' id='word_1_130' title='bbox 725 2657 896 2732; x_wconf 88' lang='lat' dir='ltr'><strong>accinctus,</strong></span> <span class='ocrx_word' id='word_1_131' title='bbox 920 2667 987 2719; x_wconf 86' lang='lat' dir='ltr'><strong>tam</strong></span> <span class='ocrx_word' id='word_1_132' title='bbox 1011 2657 1261 2740; x_wconf 87' lang='lat' dir='ltr'><strong>ignominiosum</strong></span> <span class='ocrx_word' id='word_1_133' title='bbox 1285 2666 1319 2718; x_wconf 90' lang='lat' dir='ltr'><strong>et</strong></span> 
     </span>
     <span class='ocr_line' id='line_1_21' title="bbox 265 2756 1316 2842; baseline -0.003 -22"><span class='ocrx_word' id='word_1_134' title='bbox 265 2769 330 2820; x_wconf 88' lang='lat' dir='ltr'><strong>tam</strong></span> <span class='ocrx_word' id='word_1_135' title='bbox 361 2758 573 2842; x_wconf 91' lang='lat' dir='ltr'><strong>inopinatum,</strong></span> <span class='ocrx_word' id='word_1_136' title='bbox 602 2779 668 2819; x_wconf 92' lang='lat' dir='ltr'><strong>una</strong></span> <span class='ocrx_word' id='word_1_137' title='bbox 695 2780 769 2820; x_wconf 92' lang='lat' dir='ltr'><strong>eum</strong></span> <span class='ocrx_word' id='word_1_138' title='bbox 797 2756 946 2819; x_wconf 88' lang='lat' dir='ltr'><strong>exercitu</strong></span> <span class='ocrx_word' id='word_1_139' title='bbox 977 2767 1047 2823; x_wconf 88' lang='lat' dir='ltr'><strong>toto</strong></span> <span class='ocrx_word' id='word_1_140' title='bbox 1076 2756 1206 2840; x_wconf 90' lang='lat' dir='ltr'><strong>penitus</strong></span> <span class='ocrx_word' id='word_1_141' title='bbox 1242 2765 1316 2818; x_wconf 89' lang='lat' dir='ltr'><strong>ante</strong></span> 
     </span>
     <span class='ocr_line' id='line_1_22' title="bbox 263 2857 1318 2944; baseline -0.002 -22"><span class='ocrx_word' id='word_1_142' title='bbox 263 2883 347 2944; x_wconf 91' lang='lat' dir='ltr'><strong>pene</strong></span> <span class='ocrx_word' id='word_1_143' title='bbox 384 2861 501 2935; x_wconf 86' lang='lat' dir='ltr'><strong>deleto,</strong></span> <span class='ocrx_word' id='word_1_144' title='bbox 530 2882 638 2922; x_wconf 86' lang='lat' dir='ltr'><strong>casum</strong></span> <span class='ocrx_word' id='word_1_145' title='bbox 679 2859 825 2923; x_wconf 84' lang='lat' dir='ltr'><strong>incurrit.</strong></span> <span class='ocrx_word' id='word_1_146' title='bbox 893 2857 1102 2942; x_wconf 83' lang='lat' dir='ltr'><strong>Quapropter</strong></span> <span class='ocrx_word' id='word_1_147' title='bbox 1137 2858 1223 2920; x_wconf 88' lang='lat' dir='ltr'><strong>credi</strong></span> <span class='ocrx_word' id='word_1_148' title='bbox 1257 2879 1318 2941; x_wconf 92' lang='lat' dir='ltr'><strong>pro</strong></span> 
     </span>
     <span class='ocr_line' id='line_1_23' title="bbox 264 2959 1319 3046; baseline -0.003 -21"><span class='ocrx_word' id='word_1_149' title='bbox 264 2974 352 3025; x_wconf 87' lang='lat' dir='ltr'><strong>certo</strong></span> <span class='ocrx_word' id='word_1_150' title='bbox 366 2963 496 3046; x_wconf 89' lang='lat' dir='ltr'><strong>poterit,</strong></span> <span class='ocrx_word' id='word_1_151' title='bbox 513 2962 600 3045; x_wconf 91' lang='lat' dir='ltr'><strong>quod</strong></span> <span class='ocrx_word' id='word_1_152' title='bbox 613 2983 679 3024; x_wconf 89' lang='lat' dir='ltr'><strong>non</strong></span> <span class='ocrx_word' id='word_1_153' title='bbox 693 2983 960 3044; x_wconf 88' lang='lat' dir='ltr'><strong>usquequaquam</strong></span> <span class='ocrx_word' id='word_1_154' title='bbox 971 2960 1044 3024; x_wconf 88' lang='lat' dir='ltr'><strong>Deo</strong></span> <span class='ocrx_word' id='word_1_155' title='bbox 1056 2959 1156 3023; x_wconf 90' lang='lat' dir='ltr'><strong>fuerit</strong></span> <span class='ocrx_word' id='word_1_156' title='bbox 1169 2969 1319 3044; x_wconf 90' lang='lat' dir='ltr'><strong>aceeptus</strong></span> 
     </span>
     <span class='ocr_line' id='line_1_24' title="bbox 263 3063 1318 3148; baseline 0 -22"><span class='ocrx_word' id='word_1_157' title='bbox 263 3064 316 3126; x_wconf 91' lang='lat' dir='ltr'><strong>hie</strong></span> <span class='ocrx_word' id='word_1_158' title='bbox 334 3066 404 3148; x_wconf 89' lang='lat' dir='ltr'><strong>ejus</strong></span> <span class='ocrx_word' id='word_1_159' title='bbox 426 3085 603 3146; x_wconf 64' lang='lat' dir='ltr'><strong>aggressus</strong></span> <span class='ocrx_word' id='word_1_160' title='bbox 624 3064 701 3147; x_wconf 90' lang='lat' dir='ltr'><strong>quia</strong></span> <span class='ocrx_word' id='word_1_161' title='bbox 721 3063 772 3126; x_wconf 80' lang='lat' dir='ltr'><strong>vel</strong></span> <span class='ocrx_word' id='word_1_162' title='bbox 791 3063 922 3127; x_wconf 90' lang='lat' dir='ltr'><strong>brachio</strong></span> <span class='ocrx_word' id='word_1_163' title='bbox 943 3085 1012 3138; x_wconf 89' lang='lat' dir='ltr'><strong>suo,</strong></span> <span class='ocrx_word' id='word_1_164' title='bbox 1033 3085 1099 3124; x_wconf 91' lang='lat' dir='ltr'><strong>non</strong></span> <span class='ocrx_word' id='word_1_165' title='bbox 1122 3063 1239 3125; x_wconf 87' lang='lat' dir='ltr'><strong>divinae</strong></span> <span class='ocrx_word' id='word_1_166' title='bbox 1260 3086 1318 3146; x_wconf 90' lang='lat' dir='ltr'><strong>po·</strong></span> 
     </span>
     <span class='ocr_line' id='line_1_25' title="bbox 265 3163 1317 3249; baseline -0.002 -20"><span class='ocrx_word' id='word_1_167' title='bbox 265 3167 377 3229; x_wconf 87' lang='lat' dir='ltr'><strong>tentiae</strong></span> <span class='ocrx_word' id='word_1_168' title='bbox 393 3188 450 3229; x_wconf 92' lang='lat' dir='ltr'><strong>seu</strong></span> <span class='ocrx_word' id='word_1_169' title='bbox 464 3165 700 3241; x_wconf 85' lang='lat' dir='ltr'><strong>misericordiae,</strong></span> <span class='ocrx_word' id='word_1_170' title='bbox 713 3166 740 3228; x_wconf 90' lang='lat' dir='ltr'><strong>si</strong></span> <span class='ocrx_word' id='word_1_171' title='bbox 756 3165 836 3249; x_wconf 93' lang='lat' dir='ltr'><strong>quid</strong></span> <span class='ocrx_word' id='word_1_172' title='bbox 850 3165 879 3228; x_wconf 91' lang='lat' dir='ltr'><strong>ei</strong></span> <span class='ocrx_word' id='word_1_173' title='bbox 893 3165 928 3227; x_wconf 92' lang='lat' dir='ltr'><strong>in</strong></span> <span class='ocrx_word' id='word_1_174' title='bbox 938 3164 999 3229; x_wconf 92' lang='lat' dir='ltr'><strong>hoe</strong></span> <span class='ocrx_word' id='word_1_175' title='bbox 1014 3163 1130 3226; x_wconf 91' lang='lat' dir='ltr'><strong>itinere</strong></span> <span class='ocrx_word' id='word_1_176' title='bbox 1142 3164 1317 3246; x_wconf 89' lang='lat' dir='ltr'><strong>gloriosum</strong></span> 
     </span>
     <span class='ocr_line' id='line_1_26' title="bbox 263 3264 1318 3351; baseline -0.002 -21"><span class='ocrx_word' id='word_1_177' title='bbox 263 3268 424 3343; x_wconf 88' lang='lat' dir='ltr'><strong>acciderit,</strong></span> <span class='ocrx_word' id='word_1_178' title='bbox 454 3267 611 3330; x_wconf 90' lang='lat' dir='ltr'><strong>ascribere</strong></span> <span class='ocrx_word' id='word_1_179' title='bbox 644 3277 865 3351; x_wconf 90' lang='lat' dir='ltr'><strong>proposuerat.</strong></span> <span class='ocrx_word' id='word_1_180' title='bbox 927 3264 999 3329; x_wconf 87' lang='lat' dir='ltr'><strong>Aut</strong></span> <span class='ocrx_word' id='word_1_181' title='bbox 1038 3265 1147 3348; x_wconf 90' lang='lat' dir='ltr'><strong>potius</strong></span> <span class='ocrx_word' id='word_1_182' title='bbox 1185 3277 1318 3350; x_wconf 88' lang='lat' dir='ltr'><strong>propter</strong></span> 
     </span>
     <span class='ocr_line' id='line_1_27' title="bbox 263 3367 1318 3454; baseline -0.001 -22"><span class='ocrx_word' id='word_1_183' title='bbox 263 3370 375 3432; x_wconf 89' lang='lat' dir='ltr'><strong>scisma</strong></span> <span class='ocrx_word' id='word_1_184' title='bbox 400 3369 562 3433; x_wconf 91' lang='lat' dir='ltr'><strong>vicennale</strong></span> <span class='ocrx_word' id='word_1_185' title='bbox 589 3393 655 3454; x_wconf 93' lang='lat' dir='ltr'><strong>quo</strong></span> <span class='ocrx_word' id='word_1_186' title='bbox 678 3369 785 3432; x_wconf 88' lang='lat' dir='ltr'><strong>elerici</strong></span> <span class='ocrx_word' id='word_1_187' title='bbox 803 3369 941 3453; x_wconf 90' lang='lat' dir='ltr'><strong>laicique</strong></span> <span class='ocrx_word' id='word_1_188' title='bbox 964 3367 1181 3452; x_wconf 87' lang='lat' dir='ltr'><strong>apostolorum</strong></span> <span class='ocrx_word' id='word_1_189' title='bbox 1206 3368 1318 3431; x_wconf 91' lang='lat' dir='ltr'><strong>limina</strong></span> 
     </span>
     <span class='ocr_line' id='line_1_28' title="bbox 261 3470 1317 3557; baseline -0.002 -23"><span class='ocrx_word' id='word_1_190' title='bbox 261 3481 420 3556; x_wconf 91' lang='lat' dir='ltr'><strong>petentes,</strong></span> <span class='ocrx_word' id='word_1_191' title='bbox 443 3482 492 3535; x_wconf 91' lang='lat' dir='ltr'><strong>tot</strong></span> <span class='ocrx_word' id='word_1_192' title='bbox 512 3495 569 3557; x_wconf 92' lang='lat' dir='ltr'><strong>per</strong></span> <span class='ocrx_word' id='word_1_193' title='bbox 591 3473 661 3556; x_wconf 90' lang='lat' dir='ltr'><strong>ejus</strong></span> <span class='ocrx_word' id='word_1_194' title='bbox 682 3471 884 3556; x_wconf 86' lang='lat' dir='ltr'><strong>tyrannidem</strong></span> <span class='ocrx_word' id='word_1_195' title='bbox 905 3470 1056 3547; x_wconf 89' lang='lat' dir='ltr'><strong>mutilati,</strong></span> <span class='ocrx_word' id='word_1_196' title='bbox 1081 3481 1131 3535; x_wconf 88' lang='lat' dir='ltr'><strong>tot</strong></span> <span class='ocrx_word' id='word_1_197' title='bbox 1155 3470 1317 3533; x_wconf 86' lang='lat' dir='ltr'><strong>exoculati</strong></span> 
     </span>
     <span class='ocr_line' id='line_1_29' title="bbox 261 3571 1316 3658; baseline -0.005 -20"><span class='ocrx_word' id='word_1_198' title='bbox 261 3575 405 3652; x_wconf 88' lang='lat' dir='ltr'><strong>fuerunt,</strong></span> <span class='ocrx_word' id='word_1_199' title='bbox 433 3585 548 3658; x_wconf 87' lang='lat' dir='ltr'><strong>totque</strong></span> <span class='ocrx_word' id='word_1_200' title='bbox 576 3575 692 3652; x_wconf 87' lang='lat' dir='ltr'><strong>necati,</strong></span> <span class='ocrx_word' id='word_1_201' title='bbox 723 3573 856 3637; x_wconf 84' lang='lat' dir='ltr'><strong>ecelesia</strong></span> <span class='ocrx_word' id='word_1_202' title='bbox 884 3596 1016 3658; x_wconf 90' lang='lat' dir='ltr'><strong>quoque</strong></span> <span class='ocrx_word' id='word_1_203' title='bbox 1044 3573 1133 3637; x_wconf 88' lang='lat' dir='ltr'><strong>beati</strong></span> <span class='ocrx_word' id='word_1_204' title='bbox 1157 3571 1257 3647; x_wconf 90' lang='lat' dir='ltr'><strong>Petri,</strong></span> <span class='ocrx_word' id='word_1_205' title='bbox 1282 3572 1316 3634; x_wconf 90' lang='lat' dir='ltr'><strong>in</strong></span> 
     </span>
    </p>
   </div>
   <div class='ocr_carea' id='block_1_6' title="bbox 262 3675 1316 3759">
    <p class='ocr_par' dir='ltr' id='par_1_7' title="bbox 262 3675 1316 3759">
     <span class='ocr_line' id='line_1_30' title="bbox 262 3675 1316 3759; baseline -0.003 -20"><span class='ocrx_word' id='word_1_206' title='bbox 262 3677 342 3739; x_wconf 91' lang='lat' dir='ltr'><strong>urbe</strong></span> <span class='ocrx_word' id='word_1_207' title='bbox 358 3676 517 3740; x_wconf 89' lang='lat' dir='ltr'><strong>Romulea</strong></span> <span class='ocrx_word' id='word_1_208' title='bbox 533 3687 566 3739; x_wconf 89' lang='lat' dir='ltr'><strong>et</strong></span> <span class='ocrx_word' id='word_1_209' title='bbox 588 3676 662 3738; x_wconf 90' lang='lat' dir='ltr'><strong>sede</strong></span> <span class='ocrx_word' id='word_1_210' title='bbox 684 3697 743 3739; x_wconf 90' lang='lat' dir='ltr'><strong>sua</strong></span> <span class='ocrx_word' id='word_1_211' title='bbox 763 3676 903 3759; x_wconf 89' lang='lat' dir='ltr'><strong>propria,</strong></span> <span class='ocrx_word' id='word_1_212' title='bbox 919 3699 976 3759; x_wconf 88' lang='lat' dir='ltr'><strong>per</strong></span> <span class='ocrx_word' id='word_1_213' title='bbox 992 3675 1190 3738; x_wconf 87' lang='lat' dir='ltr'><strong>Alemannos</strong></span> <span class='ocrx_word' id='word_1_214' title='bbox 1205 3675 1316 3736; x_wconf 91' lang='lat' dir='ltr'><strong>eadem</strong></span> 
     </span>
    </p>
   </div>
   <div class='ocr_carea' id='block_1_7' title="bbox 151 3776 1318 4370">
    <p class='ocr_par' dir='ltr' id='par_1_8' title="bbox 151 3776 1318 4370">
     <span class='ocr_line' id='line_1_31' title="bbox 263 3776 1316 3864; baseline -0.004 -22"><span class='ocrx_word' id='word_1_215' title='bbox 263 3789 452 3864; x_wconf 87' lang='lat' dir='ltr'><strong>tempestate</strong></span> <span class='ocrx_word' id='word_1_216' title='bbox 491 3778 668 3840; x_wconf 88' lang='lat' dir='ltr'><strong>combusta.</strong></span> <span class='ocrx_word' id='word_1_217' title='bbox 729 3777 817 3842; x_wconf 84' lang='lat' dir='ltr'><strong>Quia</strong></span> <span class='ocrx_word' id='word_1_218' title='bbox 853 3798 950 3860; x_wconf 88' lang='lat' dir='ltr'><strong>super</strong></span> <span class='ocrx_word' id='word_1_219' title='bbox 985 3776 1036 3838; x_wconf 89' lang='lat' dir='ltr'><strong>his</strong></span> <span class='ocrx_word' id='word_1_220' title='bbox 1073 3776 1181 3838; x_wconf 87' lang='lat' dir='ltr'><strong>forsan</strong></span> <span class='ocrx_word' id='word_1_221' title='bbox 1218 3776 1316 3839; x_wconf 87' lang='lat' dir='ltr'><strong>tantis</strong></span> 
     </span>
     <span class='ocr_line' id='line_1_32' title="bbox 264 3866 1315 3962; baseline -0.003 -19"><span class='ocrx_word' id='word_1_222' title='bbox 264 3866 460 3956; x_wconf 88' lang='lat' dir='ltr'><strong>excessibus,</strong></span> <span class='ocrx_word' id='word_1_223' title='bbox 478 3903 537 3942; x_wconf 89' lang='lat' dir='ltr'><strong>nee</strong></span> <span class='ocrx_word' id='word_1_224' title='bbox 560 3880 654 3942; x_wconf 89' lang='lat' dir='ltr'><strong>corde</strong></span> <span class='ocrx_word' id='word_1_225' title='bbox 676 3889 887 3962; x_wconf 91' lang='lat' dir='ltr'><strong>compunctus</strong></span> <span class='ocrx_word' id='word_1_226' title='bbox 908 3878 948 3940; x_wconf 92' lang='lat' dir='ltr'><strong>ad</strong></span> <span class='ocrx_word' id='word_1_227' title='bbox 968 3877 1100 3960; x_wconf 91' lang='lat' dir='ltr'><strong>plenum</strong></span> <span class='ocrx_word' id='word_1_228' title='bbox 1122 3878 1239 3952; x_wconf 86' lang='lat' dir='ltr'><strong>fuerat,</strong></span> <span class='ocrx_word' id='word_1_229' title='bbox 1255 3901 1315 3941; x_wconf 91' lang='lat' dir='ltr'><strong>nee</strong></span> 
     </span>
     <span class='ocr_line' id='line_1_33' title="bbox 265 3979 1316 4065; baseline 0 -21"><span class='ocrx_word' id='word_1_230' title='bbox 265 3982 462 4045; x_wconf 87' lang='lat' dir='ltr'><strong>confessione</strong></span> <span class='ocrx_word' id='word_1_231' title='bbox 488 3989 653 4065; x_wconf 84' lang='lat' dir='ltr'><strong>purgatus,</strong></span> <span class='ocrx_word' id='word_1_232' title='bbox 669 3979 808 4043; x_wconf 91' lang='lat' dir='ltr'><strong>divinam</strong></span> <span class='ocrx_word' id='word_1_233' title='bbox 831 3979 865 4040; x_wconf 92' lang='lat' dir='ltr'><strong>in</strong></span> <span class='ocrx_word' id='word_1_234' title='bbox 882 3979 974 4042; x_wconf 91' lang='lat' dir='ltr'><strong>terris</strong></span> <span class='ocrx_word' id='word_1_235' title='bbox 989 4001 1062 4041; x_wconf 92' lang='lat' dir='ltr'><strong>eum</strong></span> <span class='ocrx_word' id='word_1_236' title='bbox 1085 3979 1231 4042; x_wconf 87' lang='lat' dir='ltr'><strong>exercitu</strong></span> <span class='ocrx_word' id='word_1_237' title='bbox 1246 4002 1316 4058; x_wconf 93' lang='lat' dir='ltr'><strong>suo,</strong></span> 
     </span>
     <span class='ocr_line' id='line_1_34' title="bbox 266 4079 1318 4168; baseline 0 -22"><span class='ocrx_word' id='word_1_238' title='bbox 266 4084 418 4168; x_wconf 89' lang='lat' dir='ltr'><strong>quoniam</strong></span> <span class='ocrx_word' id='word_1_239' title='bbox 443 4093 576 4168; x_wconf 87' lang='lat' dir='ltr'><strong>propter</strong></span> <span class='ocrx_word' id='word_1_240' title='bbox 598 4081 752 4144; x_wconf 89' lang='lat' dir='ltr'><strong>delictum</strong></span> <span class='ocrx_word' id='word_1_241' title='bbox 779 4079 933 4165; x_wconf 90' lang='lat' dir='ltr'><strong>principis</strong></span> <span class='ocrx_word' id='word_1_242' title='bbox 956 4081 1097 4165; x_wconf 90' lang='lat' dir='ltr'><strong>populus</strong></span> <span class='ocrx_word' id='word_1_243' title='bbox 1125 4081 1318 4166; x_wconf 88' lang='lat' dir='ltr'><strong>plerumque</strong></span> 
     </span>
     <span class='ocr_line' id='line_1_35' title="bbox 151 4181 1317 4269; baseline -0.003 -20"><span class='ocrx_word' id='word_1_244' title='bbox 151 4248 156 4257; x_wconf 79' lang='grc'>,</span> <span class='ocrx_word' id='word_1_245' title='bbox 264 4186 410 4269; x_wconf 91' lang='lat' dir='ltr'><strong>punitur,</strong></span> <span class='ocrx_word' id='word_1_246' title='bbox 440 4185 598 4248; x_wconf 87' lang='lat' dir='ltr'><strong>ultionem</strong></span> <span class='ocrx_word' id='word_1_247' title='bbox 627 4182 772 4247; x_wconf 90' lang='lat' dir='ltr'><strong>incurrit.</strong></span> <span class='ocrx_word' id='word_1_248' title='bbox 834 4181 926 4244; x_wconf 87' lang='lat' dir='ltr'><strong>Sicut</strong></span> <span class='ocrx_word' id='word_1_249' title='bbox 954 4183 1093 4267; x_wconf 92' lang='lat' dir='ltr'><strong>populus</strong></span> <span class='ocrx_word' id='word_1_250' title='bbox 1120 4181 1317 4247; x_wconf 88' lang='lat' dir='ltr'><strong>Israelitieus</strong></span> 
     </span>
     <span class='ocr_line' id='line_1_36' title="bbox 263 4284 1317 4370; baseline -0.001 -20"><span class='ocrx_word' id='word_1_251' title='bbox 263 4299 449 4352; x_wconf 88' lang='lat' dir='ltr'><strong>numeratus</strong></span> <span class='ocrx_word' id='word_1_252' title='bbox 471 4311 489 4351; x_wconf 88' lang='lat' dir='ltr'><strong>a</strong></span> <span class='ocrx_word' id='word_1_253' title='bbox 504 4287 606 4370; x_wconf 79' lang='lat' dir='ltr'><strong>Rege,</strong></span> <span class='ocrx_word' id='word_1_254' title='bbox 623 4285 680 4370; x_wconf 92' lang='lat' dir='ltr'><strong>qui</strong></span> <span class='ocrx_word' id='word_1_255' title='bbox 695 4286 736 4348; x_wconf 93' lang='lat' dir='ltr'><strong>ob</strong></span> <span class='ocrx_word' id='word_1_256' title='bbox 751 4286 811 4348; x_wconf 91' lang='lat' dir='ltr'><strong>hoe</strong></span> <span class='ocrx_word' id='word_1_257' title='bbox 826 4308 845 4348; x_wconf 93' lang='lat' dir='ltr'><strong>a</strong></span> <span class='ocrx_word' id='word_1_258' title='bbox 860 4284 1000 4348; x_wconf 90' lang='lat' dir='ltr'><strong>Domino</strong></span> <span class='ocrx_word' id='word_1_259' title='bbox 1021 4295 1125 4368; x_wconf 85' lang='lat' dir='ltr'><strong>strage</strong></span> <span class='ocrx_word' id='word_1_260' title='bbox 1147 4307 1317 4368; x_wconf 86' lang='lat' dir='ltr'><strong>percussus</strong></span> 
     </span>
    </p>
   </div>
   <div class='ocr_carea' id='block_1_8' title="bbox 0 0 1504 5040">
    <p class='ocr_par' dir='ltr' id='par_1_9' title="bbox 0 0 1504 5040">
     <span class='ocr_line' id='line_1_37' title="bbox 0 0 1504 5040; baseline 0 3"><span class='ocrx_word' id='word_1_261' title='bbox 0 0 1504 5040; x_wconf 95' lang='lat' dir='ltr'><strong> </strong></span> 
     </span>
    </p>
   </div>
  </div>
 </body>
</html>
