3000 5040
416 486 465 536 na
490 487 754 540 rnsrnncrronu
779 490 993 542 ramercurt.
1188 479 1228 543 49

173 658 247 699 rum
272 637 406 721 argenti,
422 638 606 704 dividendas
628 663 687 726 per
709 639 848 705 manum*
862 652 896 705 et
919 640 1022 705 visum
1043 639 1228 706 Abbatissae

177 736 290 801 Fontis
305 739 454 804 Ebrardi.

219 843 240 873 “
255 838 559 907 sanctimonialibus
574 842 685 908 Sancti
700 843 839 928 Sulpicii
853 841 1086 928 [Britanniae1,]
1101 863 1130 909 c.
1146 866 1229 908 mar-

175 961 227 1002 cas
242 941 376 1024 argenti

220 1041 378 1108 “Domui
397 1057 432 1110 et
457 1047 519 1158 toti
533 1046 638 1111 ordini
660 1047 802 1112 Grandis
828 1047 964 1160 Montis,
992 1066 1083 1112 nnn.
1108 1069 1228 1160 marcas

174 1145 347 1226 argenti.
455 1153 458 1159 '

219 1246 377 1314 “Domui
392 1262 426 1315 et
439 1253 501 1316 toti
514 1253 619 1317 ordini
635 1252 804 1331 Cantusiae,
821 1273 885 1318 ιιιι.
901 1273 1021 1316 marcas
1036 1253 1170 1336 argenti.

219 1351 241 1382 “
252 1347 376 1414 Domui
390 1351 430 1414 de
446 1352 602 1416 Cistercio
617 1364 651 1418 et
665 1353 814 1417 omnibus
829 1353 976 1418 domibus
991 1353 1093 1437 ipsius
1109 1353 1228 1417 ordinis

175 1446 333 1534 (exceptis
348 1452 497 1517 domibus
512 1455 657 1538 ejusdem
672 1455 802 1531 ordinis,
812 1456 891 1538 ‘quae‘
906 1455 942 1517 in
956 1463 1042 1516 terra
1055 1476 1126 1517 mea
1140 1466 1226 1532 sunt,

175 1550 295 1631 quibus
318 1552 450 1618 divisam
473 1577 576 1618 meam
601 1555 687 1638 feci),
715 1575 779 1620 nu.
796 1577 916 1618 marcas
938 1554 1061 1638 argenti
1084 1555 1228 1618 dividen-

175 1650 230 1712 das
244 1673 304 1735 per
316 1677 447 1719 manum
461 1667 495 1720 et
509 1657 612 1721 visum
627 1656 789 1720 Abbatis²
802 1656 949 1720 Cistercii
962 1666 995 1719 et
1011 1655 1205 1720 Clarevallis.

219 1756 241 1787 ‘⁶
253 1753 375 1818 Domui
392 1754 537 1827 Cluuiaci
558 1777 594 1822 M.
610 1762 731 1821 marcas
757 1757 893 1841 argenti,
910 1766 1028 1842 praeter
1056 1756 1116 1819 hoc
1140 1758 1228 1840 quod

174 1853 278 1918 eidem
300 1855 411 1920 domui
421 1858 665 1936 accommodavi,
683 1859 772 1943 quod
793 1858 824 1921 ei
845 1857 999 1942 perdone,
1023 1857 1086 1920 nisi
1107 1856 1143 1920 in
1161 1857 1228 1922 vita

174 1978 245 2019 mea
258 1968 404 2041 repetere
415 1961 557 2025 voluero.

218 2059 371 2124 “Domui
386 2062 523 2147 Majoris
547 2063 731 2128 monasterii
756 2064 900 2148 perdono
916 2083 951 2126 n.
968 2083 1089 2126 marcas
1102 2061 1227 2146 argenti

174 2181 253 2244 quas
268 2162 299 2224 ei
312 2165 519 2240 commodavi,
529 2165 596 2228 nisi
611 2188 664 2229 eas
677 2166 712 2228 in
726 2165 793 2228 vita
803 2187 875 2228 mea
888 2167 1037 2248 repetere
1049 2163 1192 2227 voluero.

217 2268 239 2298 “
255 2263 557 2330 Sanctimonialibus
564 2267 663 2350 juxta
678 2266 802 2330 Camao’
819 2287 849 2329 o.
862 2267 1000 2328 marcas³
1015 2264 1149 2348 argenti.

217 2364 375 2429 “Domui
394 2367 433 2430 de
447 2365 695 2431 Praemonstrate
711 2378 745 2430 et
755 2367 817 2430 toti
833 2366 937 2430 ordini
954 2365 1112 2448 (exceptis
1127 2365 1228 2428 domi-

173 2465 235 2528 bus
256 2467 398 2550 ejusdem
419 2468 540 2531 ordinis
560 2491 634 2552 quae
657 2468 692 2531 in
714 2480 800 2532 terra
818 2490 890 2532 mea
908 2465 1010 2547 sunt),
1033 2486 1083 2530 cc.
1107 2489 1228 2530 marcas

174 2569 309 2650 argenti.

217 2668 373 2734 “Domui
389 2672 428 2734 de
444 2671 548 2735 Aroes
562 2683 596 2737 et
610 2673 672 2737 toti
687 2672 792 2736 ordini
807 2671 964 2757 (exceptis
979 2669 1127 2734 domibus
1144 2671 1229 2754 ejus·

174 2771 247 2833 dem
262 2771 382 2836 ordinis
397 2782 492 2837 terrae
507 2776 614 2858 meae),
630 2795 660 2838 c.
676 2795 796 2837 marcas
811 2773 945 2858 argenti.

217 2877 238 2907 “
250 2871 306 2936 Ad
318 2874 510 2938 maritandas
521 2873 678 2961 pauperes
688 2884 722 2938 et
731 2874 848 2938 liberas
855 2874 990 2938 feminas
1005 2873 1136 2957 Angliae
1153 2895 1227 2958 quae

172 2984 281 3038 carent
301 2975 434 3054 auxilio,
451 2996 523 3042 ccc.
538 2999 658 3041 marcas
683 2977 764 3054 auri,
781 2975 964 3040 dividendas
978 2998 1036 3060 per
1049 2997 1180 3039 manum
1195 2986 1229 3039 et

172 3075 276 3139 visum
287 3076 420 3142 Ricardi
429 3077 674 3156 Wintoniensis,
687 3078 819 3142 Ricardi
828 3077 1075 3162 Wigomiensis,
1086 3077 1228 3141 Galfridi

171 3176 330 3262 Elyensis,
347 3189 381 3243 et
394 3178 416 3241 J
416 3179 550 3244 ohannis
565 3180 780 3245 Norwicensis
794 3179 1041 3265 Episcoporum,
1053 3189 1087 3243 et
1101 3177 1228 3243 Ranul·

171 3277 229 3362 phi
244 3279 284 3342 de
301 3279 496 3346 Glaunvilla.

214 3381 305 3446 “Ad
331 3384 523 3448 maritandas
545 3407 701 3470 pauperes
730 3396 764 3448 et
777 3385 894 3449 liberas
908 3385 1053 3448 faeminas
1068 3382 1229 3447 Norman-

171 3483 236 3548 niae
251 3507 326 3570 quae
342 3497 451 3550 carent
464 3486 614 3562 auxilio,⁴
629 3507 658 3550 c.
685 3508 806 3549 marcas
832 3486 913 3562 auri,
932 3483 1145 3568 [dividendas]
1170 3507 1229 3569 per

171 3608 302 3650 manum
340 3598 374 3650 et
409 3586 513 3651 visum
537 3585 806 3669 Rothomagensis
836 3585 1093 3668 Archiepiscopi,
1132 3585 1231 3647 Baio-

171 3687 283 3763 censis,
300 3685 519 3763 Abrincensis,
536 3685 707 3770 Sagiensis,
720 3685 951 3762 Ebroicensis,⁵
965 3685 1213 3770 Episcoporum.

216 3790 303 3853 “Ad
316 3790 508 3854 maritandas
532 3811 691 3876 pauperes
714 3800 748 3853 et
770 3789 888 3853 liberas
910 3788 1057 3852 faeminas
1080 3790 1120 3853 de
1143 3798 1229 3853 terra

172 3891 343 3955 comitatus
372 3890 583 3976 Andegaviae,
612 3889 712 3975 patris
741 3890 815 3968 mei,
847 3911 876 3955 c.
902 3912 1023 3954 marcas
1061 3890 1152 3968 auri,
1171 3911 1229 3975 per

207 4160 369 4215 ¹o1n.r1s.
423 4160 636 4230 ²Altertis,MS.
692 4160 698 4260 Ι
759 4161 915 4230 aaran,
928 4159 986 4212 Ms.

205 4230 262 4282 ³c.
295 4247 396 4298 marcar,
427 4248 479 4283 om.
508 4231 586 4294 MS.;
578 4229 697 4360 ‚alii,'
759 4231 953 4298 'Eborccenoa
967 4229 1025 4282 MS.

174 4298 300 4366 Marcilli,
312 4300 353 4353 rel
365 4301 408 4354 Dc
423 4301 555 4353 Marcilla.
