3000 5040
410 537 459 587 nu
484 535 751 587 rvsrnuorronu
776 533 990 586 rnrnmruu.
1187 520 1227 582 29

174 683 360 749 dialecticus
391 695 440 749 est
475 708 549 750 cum
576 708 645 771 quo
682 686 849 751 disseritur
885 687 1029 751 omnium
1062 707 1231 768 argumen-

175 796 283 848 torum
313 785 410 864 locos,
450 787 507 871 qui
543 787 614 853 loco
647 811 712 852 non
746 789 926 868 clauditur3
952 789 1022 874 ipse
1054 787 1232 870 distinguet

174 888 319 951 omnium
340 887 539 952 fallaciarum
560 889 723 967 fantasias,
747 892 804 975 qui
825 891 894 954 falli
916 913 982 955 non
1009 899 1138 974 potest3
1161 888 1231 972 ipse

171 988 327 1068 dissolvit,
350 991 438 1074 apud
452 1013 550 1075 quem
574 991 648 1076 plus
662 992 747 1056 valet
770 992 964 1070 innocentia,
981 1014 1078 1075 quam
1093 990 1231 1070 astutia;

172 1090 246 1176 plus
261 1091 449 1177 simplicitas
460 1116 558 1178 quam
572 1093 754 1172 urbanitas3
777 1094 851 1178 plus
865 1093 982 1157 veritas
1002 1115 1099 1178 quam
1121 1093 1233 1155 verbo·

172 1193 259 1271 sitas,
274 1194 348 1278 plus
370 1194 508 1278 elinguis
521 1196 712 1260 verecundia
726 1203 824 1280 quam
845 1196 1011 1280 peccatrix
1035 1193 1230 1278 eloquentia.

173 1293 243 1357 Nec
268 1294 364 1378 longa
391 1295 515 1379 logicus
543 1296 604 1362 iste
636 1297 855 1382 disputatione
878 1297 1013 1382 fatigat3
1036 1319 1103 1360 uno
1125 1306 1231 1359 tamen

172 1405 287 1459 cuncta
316 1396 436 1461 claudit
465 1408 499 1461 et
526 1399 691 1468 concludit
719 1399 921 1483 syllogismo,
954 1407 1114 1483 proponet
1146 1398 1232 1460 enim

171 1497 286 1582 legem,
301 1508 442 1563 assumet
457 1500 750 1585 transgressionem,
765 1500 935 1565 concludet
949 1499 1195 1564 damnationem.

601 1703 682 1769 Car.
699 1703 802 1770 VIII.

171 1836 225 1898 De
235 1835 380 1921 flagellis
393 1837 479 1922 Regi
492 1838 633 1902 chrr‘co
656 1860 677 1901 o
690 1839 761 1902 Deo
782 1837 876 1915 datis,
893 1845 923 1900 ct
938 1837 1022 1900 obitu
1036 1836 1231 1920 Regisjani·

667 1941 741 2004 oris.
759 2009 763 2016 ,

215 2072 386 2137 Curnnun
402 2084 525 2158 quanto
551 2097 585 2138 se
606 2074 711 2160 pravis
733 2073 914 2138 actionibus
936 2071 1111 2136 aDomino
1127 2071 1229 2154 magis
1241 2085 1315 2186 31,ch
1310 2083 1382 2174 ὦ,

172 2174 341 2258 elongavit,
370 2185 461 2239 tanto
499 2176 691 2261 propensius
728 2199 802 2240 eum
832 2175 938 2238 divina
970 2173 1162 2258 benignitas,
1191 2183 1395 2275 utgetgtgpgff·

171 2276 382 2360 resipisceret,
396 2277 534 2342 vicissim
550 2288 584 2341 et
608 2277 743 2361 flagellis
764 2276 940 2361 exagitavit
955 2285 989 2340 et
1001 2275 1165 2340 beneficiis
1179 2276 1229 2338 in·
1241 2283 1378 2375 ggfflffi

101 2438 102 2442 ,
169 2377 291 2443 vitavit.
322 2378 486 2443 Henricus
496 2380 615 2444 etenim
623 2380 710 2443 filius
726 2381 807 2464 ejus,
819 2379 966 2463 [propter
986 2377 1226 2460 dissentionem]
1241 2385 1350 2473 orn-son

171 2479 256 2542 inter
266 2479 375 2562 ipsum
384 2489 417 2542 et
431 2479 563 2543 fratrem
573 2481 728 2565 ejusdem,
740 2479 894 2542 Pictaviae
912 2477 1082 2556 Comitem,
1093 2479 1229 2543 Richar·
1242 2438 1315 2486 Hem

171 2581 259 2656 dum,
275 2580 328 2642 cui
344 2580 422 2643 Rex
435 2591 528 2664 pater
552 2591 629 2644 tunc
644 2581 797 2665 temporis
816 2580 924 2644 fautor
946 2581 1110 2657 extiterat,
1124 2603 1230 2665 nuper

169 2682 326 2757 obortam,
355 2682 466 2765 paucis
488 2691 563 2766 post
588 2704 746 2745 annorum
770 2668 948 2758 curriculis,
976 2681 1098 2746 iterum
1127 2681 1228 2746 hosti-

170 2783 245 2846 liter
259 2804 278 2846 a
291 2792 382 2866 patre
397 2782 587 2860 discedens,1
601 2804 731 2865 magnas
745 2782 901 2847 Pictaviae
915 2791 1023 2866 partes
1038 2783 1206 2868 occupavit
1218 2808 1227 2861 ;

169 2881 290 2948 misstos
314 2884 428 2968 patriae
447 2906 596 2968 proceres
618 2884 681 2947 sibi
703 2883 844 2962 allectos,
867 2884 1067 2968 multamque
1091 2884 1228 2948 Gallicae

169 2986 296 3050 militiae
306 2987 514 3072 juventutem
529 2985 781 3064 circumducens,
797 3009 923 3050 necnon
937 2996 971 3052 et
988 2987 1123 3050 militem
1138 3009 1228 3070 egre·

170 3088 272 3172 gium,
288 3089 420 3152 fratrem
445 3110 541 3151 suum
556 3088 735 3152 Britanniae
753 3087 913 3152 Comitem
928 3087 1135 3167 Gaufridum,
1150 3089 1226 3153 mali

169 3191 269 3254 totius
296 3191 508 3267 inventorem,
538 3190 596 3274 qui
619 3189 830 3254 Normanniae
855 3190 936 3255 fines
961 3200 995 3255 et
1017 3189 1227 3275 Andegaviae,

170 3293 274 3356 valida
288 3291 460 3356 Britonum
475 3291 605 3354 cohorte
631 3291 779 3376 stipatus,
794 3292 917 3376 magnis
930 3292 1053 3356 viribus
1067 3292 1228 3376 inquieta-

169 3395 235 3457 bat.
266 3392 344 3457 Rex
358 3392 468 3477 itaque
483 3393 581 3456 tantis
594 3415 638 3456 ex
652 3393 818 3478 inopinato
833 3394 1073 3459 turbationibus
1087 3395 1227 3473 emersis,

169 3494 266 3558 anxie
281 3506 447 3579 permotus
461 3494 597 3578 grandes
611 3495 756 3578 undique
777 3518 893 3579 cogens
910 3497 1083 3574 exercitus,
1097 3496 1132 3560 in
1147 3520 1228 3562 aux·

167 3596 259 3660 ilium
277 3595 413 3659 Comitis
429 3594 585 3658 Richardi
599 3593 807 3659 Lemovicum
821 3619 924 3680 usque
939 3597 1096 3681 pervenit.

209 3697 288 3761 Rex
296 3707 404 3761 autem
415 3696 536 3782 junior,
547 3718 611 3758 non
626 3695 740 3779 procul
751 3697 837 3774 inde,
847 3697 910 3760 viz.
920 3699 1008 3782 apud
1022 3698 1225 3777 Marcellum,

166 3808 289 3863 tantam
310 3807 506 3861 armatorum
536 3795 778 3860 multitudinem
813 3797 848 3860 in
875 3798 966 3862 brevi
989 3812 1228 3891 convocaverat,

166 3910 320 3984 quantam
342 3898 417 3962 ullis
439 3921 584 3983 unquam
607 3897 720 3962 diebus
742 3921 761 3962 a
782 3899 851 3964 viro
888 3900 979 3964 terris
1008 3911 1042 3964 et
1070 3901 1228 3967 thesauris

164 4001 296 4066 omnino
316 4010 441 4065 carente
464 4001 572 4065 fuerat
595 4010 669 4064 ante
696 4013 864 4066 commota.
912 4001 994 4066 Cum
1019 4003 1129 4088 itaque
1145 4005 1227 4069 tanti

165 4103 335 4185 conflictus
344 4104 493 4189 tantique
516 4102 710 4167 discriminis
726 4104 795 4188 jam
810 4103 943 4189 propius
960 4104 1027 4169 dies
1046 4105 1228 4171 immineret

164 4207 261 4290 longe
276 4216 384 4271 tamen
406 4205 523 4292 impari
548 4204 663 4270 animis
681 4226 779 4288 quam
802 4205 898 4269 armis
914 4216 1006 4290 parte
1028 4208 1128 4292 patris
1144 4209 1229 4272 exis-

614 4355 621 4384 ¹
640 4371 693 4408 an.
708 4357 784 4409 1183.
