3000 5040
268 464 310 528 :32
579 476 760 528 smarnos
785 475 1012 528 cnwnnansrs

266 654 326 715 pro
349 641 443 715 patre
466 628 646 714 patriaque,
670 628 723 692 hic
750 650 826 692 vero
852 649 1022 711 pravorum
1049 628 1193 706 consilio,
1227 628 1323 714 (proh

268 733 359 797 dolor
372 733 395 817 l)
412 756 429 796 e
445 740 556 796 contra
568 730 729 795 militavit.
761 729 835 793 Hoc
850 751 953 792 unum
965 730 995 793 ei
1004 741 1115 795 votum
1127 742 1161 795 et
1173 731 1322 794 desiderii

267 846 365 920 caput
374 835 536 910 extiterat,
547 843 647 898 tantae
657 831 1052 896 strenuitatisexercendae
1061 834 1237 910 materiam,
1245 844 1324 898 tam-

267 960 364 1022 quam
378 936 486 1000 Julius
501 935 591 1013 alter,
607 944 641 999 et
660 944 787 1018 tempus
802 933 929 1017 assequi
948 956 1052 1018 posse,
1071 957 1137 1019 quo
1152 935 1212 999 viri
1221 936 1323 1000 virtus

267 1040 362 1123 digne
376 1038 514 1103 valuerit
528 1037 661 1101 enitere.
705 1034 784 1099 lAd
801 1034 862 1099 hoc
888 1035 985 1099 etiam
999 1045 1065 1099 tam
1081 1036 1182 1100 electa
1206 1038 1321 1102 militia

266 1151 396 1226 tamque
420 1140 558 1224 eleganti
571 1139 708 1224 stipatus
722 1137 839 1214 fuerat,
856 1147 977 1221 quanta
990 1160 1049 1202 nec
1064 1139 1182 1202 nostris
1197 1140 1321 1218 diebus,

266 1266 325 1306 nec
334 1253 419 1322 ante,
429 1242 486 1306 uni
494 1241 660 1306 adhaerens
669 1239 791 1302 homini
800 1239 851 1304 vel
860 1238 925 1303 visa
934 1248 1128 1324 estusquam
1139 1241 1190 1304 vel
1201 1239 1324 1307 audita.

267 1343 392 1408 Praeter
415 1342 493 1407 alios
522 1342 644 1427 quippe
672 1341 792 1404 multos
821 1341 879 1424 qui
906 1340 992 1404 inter
1021 1341 1160 1425 optimos
1187 1343 1322 1407 maximi

264 1444 394 1509 fuerant
416 1445 495 1508 tales
517 1455 637 1508 ettam
660 1442 789 1520 electos,
815 1451 969 1528 tanquam
984 1442 1122 1507 Macedo
1151 1444 1321 1522 secundus,

265 1546 405 1611 habebat
425 1547 465 1610 de
487 1544 610 1611 familia
638 1554 767 1608 centum
791 1544 843 1608 vel
870 1545 991 1628 plureS,
1015 1566 1154 1628 quorum
1183 1546 1321 1631 quisque

265 1657 523 1712 torneamentum
552 1647 730 1732 quodlibet,
755 1647 796 1710 ad
824 1646 912 1730 quod
939 1646 1175 1730 prebendarum
1204 1647 1321 1711 virium

265 1769 359 1812 causa
372 1749 516 1833 undique
528 1748 694 1812 fortissimi
709 1757 862 1833 tanquam
877 1771 921 1812 ex
935 1748 1082 1813 condicto
1094 1749 1155 1813 viri
1167 1749 1322 1814 militares

265 1849 480 1927 confluebant,
515 1849 655 1934 corporis
681 1850 732 1914 sui
754 1850 860 1915 valore
893 1872 927 1913 se
949 1850 1076 1914 vincere
1098 1851 1215 1915 debere
1247 1874 1322 1916 con-

264 1950 395 2015 fidebat.
441 1951 538 2015 Unde
554 1962 588 2014 et
602 1951 754 2034 quoniam
769 1951 851 2016 nihil
871 1952 1049 2016 humanum
1072 1953 1158 2015 omni
1174 1975 1217 2016 ex
1230 1965 1321 2037 parte

264 2054 445 2139 perfectum
456 2075 523 2117 esse
538 2062 655 2137 potest,
671 2062 792 2117 tantam
804 2053 1000 2117 naturalium
1014 2054 1172 2117 bonorum
1186 2055 1322 2138 gratiam

263 2155 299 2218 in
316 2173 423 2218 ‘unum
449 2154 578 2238 congeri
602 2153 701 2218 livida
720 2164 836 2218 natura
851 2155 1040 2233 detrectare,
1057 2155 1186 2219 tandem
1199 2141 1320 2220 ¹tamen

193 2310 218 2336 V
263 2257 357 2322 niveo
368 2257 497 2321 candori
512 2279 640 2352 HQ
655 2257 772 2341 adjecit
787 2256 1090 2341 splendidissimum,
1105 2256 1210 2320 virum
1222 2256 1320 2320 solius

261 2358 501 2443 ingratitudinis
522 2357 602 2422 vitio
626 2367 659 2421 et
684 2357 798 2442 optimi
823 2357 923 2442 patris
948 2357 1120 2422 vexatione
1144 2352 1319 2422 notabilem

260 2461 406 2524 reddens.
452 2460 504 2523 De
526 2481 592 2544 quo
614 2459 700 2523 inter
723 2468 840 2522 caetera
864 2458 912 2522 sui
935 2458 1089 2543 prodigia,
1119 2469 1154 2523 et
1174 2459 1235 2523 hoc
1260 2482 1318 2543 pro

260 2561 415 2626 miraculo
430 2561 505 2625 duci
518 2561 637 2646 potuit,
653 2560 742 2644 quod
755 2560 919 2623 hominem
946 2559 1039 2624 terris
1054 2569 1089 2622 et
1103 2559 1261 2625 thesauris
1276 2583 1318 2623 ex

261 2675 331 2729 toto
346 2676 517 2742 carentem,
530 2675 619 2729 totus
633 2664 855 2729 fere'mundus
870 2663 1068 2747 sequebatur
1080 2688 1088 2740 3
1111 2664 1170 2747 qui
1184 2665 1219 2727 in
1227 2664 1316 2729 brevi

261 2765 522 2851 (utsperabatur)
532 2777 566 2831 et
575 2765 689 2830 mundi
697 2765 912 2830 monarchiam
921 2763 1133 2842 reformasset,
1143 2765 1170 2828 si
1179 2776 1318 2830 nontam

260 2891 476 2953 praepropere,
507 2877 573 2931 tam
601 2875 807 2950 praemature,
837 2875 903 2929 tam
939 2864 1103 2949 inopinate
1132 2878 1318 2938 vernantem

260 2971 372 3033 florem
387 2990 485 3033 verno
498 2967 534 3029 in
558 2978 713 3051 tempore,
729 2966 838 3030 invida
862 2965 1016 3030 faltorum
1030 2966 1127 3030 series
1138 2969 1314 3052 rapuisset3

262 3079 407 3154 tempore
433 3091 476 3131 sc.
493 3067 598 3130 aetatis
613 3089 681 3130 suae
698 3066 860 3131 trieteride
881 3089 976 3145 nona,
992 3068 1205 3133 coronationis
1232 3090 1315 3132 anno

262 3192 334 3250 xlv,
349 3170 389 3234 ab
404 3168 621 3233 incarnatione
635 3189 711 3233 vero
726 3168 860 3232 Domini
874 3171 1076 3234 rucrmrxxn.2

297 3344 389 3398 ¹This
419 3362 459 3398 ass
493 3344 541 3397 eir
558 3344 665 3398 omitted
677 3345 705 3398 in
718 3345 762 3398 the
808 3344 929 3398 inwhom
941 3344 976 3398 all
986 3345 1032 3398 the
1039 3345 1101 3415 gifts
1115 3346 1144 3398 of
1153 3354 1317 3400 naturewere

262 3414 373 3468 editions
385 3361 467 3466 olthe
504 3432 553 3485 opo
583 3414 668 3484 aphia.
809 3415 908 3469 united.
930 3414 987 3467 The
1012 3423 1081 3467 most
1099 3415 1195 3468 distant
1215 3418 1317 3470 nations

286 3485 308 3519 '²
325 3484 422 3538 Rether
435 3487 514 3538 1183.
573 3493 627 3537 eter
644 3484 674 3537 of
689 3483 763 3538 Blois
810 3485 896 3538 feared
929 3484 1003 3550 him;
1032 3483 1078 3536 the
1101 3484 1243 3554 malignant
1266 3487 1317 3539 and

261 3563 369 3607 wrotea
386 3553 548 3624 consolatory
560 3553 635 3606 letter
647 3562 674 3607 to
692 3555 764 3624 King
809 3555 854 3608 the
903 3555 1009 3607 envious
1041 3571 1109 3607 were
1156 3556 1317 3609 constrained

262 3624 353 3696 Henry
371 3642 404 3676 on
422 3623 473 3676 this
493 3624 620 3692 occasion,
637 3624 722 3677 which
741 3625 764 3677 is
810 3633 837 3677 to
849 3624 907 3677 love
919 3623 971 3677 and
983 3633 1010 3677 to
1032 3641 1120 3677 revere
1140 3624 1204 3678 him.
1241 3626 1317 3678 After

261 3693 362 3766 printed
375 3694 402 3747 in
414 3693 455 3746 his
464 3693 556 3749 works.
593 3693 692 3764 (Opera
703 3693 764 3746 Ble·
810 3693 1000 3776 reachingsuch
1006 3693 1120 3765 military
1127 3694 1259 3748 eminence
1266 3695 1317 3748 and

261 3781 332 3818 aens.
345 3764 421 3836 epist.
435 3763 476 3829 ii.)
811 3763 962 3816 distinctron
974 3781 1002 3817 as
1015 3763 1073 3816 falls
1095 3772 1121 3816 to
1133 3764 1178 3816 the
1189 3763 1227 3817 lot
1239 3765 1268 3818 of
1283 3783 1316 3817 no

298 3834 324 3887 It
342 3833 427 3886 would
447 3832 544 3886 exceed
560 3831 604 3884 the
623 3833 673 3886 due
694 3850 765 3886 com·
810 3850 880 3899 man,
892 3832 925 3885 he
943 3833 1004 3886 died
1021 3841 1048 3886 at
1060 3833 1105 3885 the
1122 3834 1172 3886 last
1184 3851 1200 3886 a
1211 3834 1317 3887 humble

261 3920 321 3974 pass
334 3903 363 3956 of
372 3921 387 3956 a
398 3911 459 3956 note
472 3911 498 3954 to
514 3903 594 3954 insert
606 3901 651 3954 the
663 3902 746 3954 whole
757 3921 764 3967 ;
810 3903 937 3972 penitent,
949 3903 1109 3972 renouncing
1121 3903 1156 3955 all
1174 3903 1218 3956 the
1230 3903 1318 3974 things

261 3991 309 4027 one
321 3989 437 4043 passage,
447 3971 573 4036 however,
582 3971 605 4023 is
616 3971 677 4023 here
708 3971 764 4022 'ven
810 3971 840 4022 of
849 3971 901 4023 this
915 3972 1001 4039 world,
1015 3971 1127 4026 Christ's
1139 3980 1196 4025 true
1213 3973 1315 4027 soldier.

261 4059 290 4095 as
306 4060 322 4094 a
339 4049 470 4094 comment
488 4058 521 4093 on
539 4040 584 4093 the
606 4057 689 4093 remar
708 4057 721 4092 s
739 4040 768 4092 of
811 4039 853 4092 He
871 4040 919 4093 left
931 4059 983 4112 you
1000 4059 1033 4094 sn
1051 4042 1171 4113 example
1191 4042 1247 4095 that
1263 4061 1314 4113 you

261 4110 393 4165 Girsldus.
440 4109 496 4162 The
520 4110 699 4177 Archdeacon,
720 4108 764 4161 ad·
809 4109 902 4163 should
920 4111 1006 4164 follow
1022 4111 1064 4164 his
1085 4121 1164 4182 steps.
1201 4111 1246 4164 No
1264 4130 1314 4164 one

261 4180 377 4250 dressing
397 4178 441 4232 tbe
466 4179 545 4250 King,
567 4197 626 4249 says
649 4187 677 4231 to
700 4177 763 4246 him,
809 4196 861 4231 was
883 4196 953 4233 more
974 4180 1081 4234 humble
1101 4181 1128 4234 in
1148 4181 1293 4234 confession
1305 4201 1313 4246 3

261 4249 337 4302 “Lot
349 4249 370 4302 it
382 4258 440 4302 turn
459 4257 486 4302 to
517 4267 563 4302 our
571 4250 619 4320 joy
632 4247 687 4301 that
699 4247 764 4301 such
809 4265 879 4302 more
901 4251 1009 4304 contrite
1034 4250 1061 4302 in
1081 4250 1123 4304 his
1142 4251 1313 4304 seli-accusa·

261 4336 340 4374 ason
362 4267 516 4390 proceeded
523 4319 588 4372 from
605 4335 669 4389 your
686 4317 762 4387 loius,
807 4318 880 4386 tion;
898 4337 969 4374 more
988 4320 1082 4376 devout
1102 4321 1128 4374 in
1145 4321 1187 4375 his
1205 4330 1309 4393 repent-
