3000 5040
286 457 348 519 148
600 468 782 519 otrannus
807 468 1032 518 cannuensis

285 621 359 686 Deo
387 618 565 704 opitulante
594 619 747 683 defecerit
761 621 768 682 l
782 618 799 644 ”
846 617 900 682 'Et
937 619 982 680 sic
1010 617 1128 680 nobilis
1156 617 1210 680 ille
1238 615 1337 680 Viro·

283 722 422 785 manniae
436 721 615 796 comitatus,
625 743 699 783 cum
710 720 825 805 opibus
835 731 869 782 et
878 719 1003 803 oppidis
1018 719 1152 794 cunctis,
1165 717 1334 780 humiliato

284 823 453 888 detentore
483 832 585 898 tant0‚
610 822 696 906 Regi
731 822 884 906 Philippo
923 832 1000 884 tunc
1036 821 1221 905 juvenculo,
1255 820 1336 882 citra

283 925 434 988 bellicum
458 925 641 988 conflictum
671 946 808 1000 omnem,
839 922 904 986 fuit
932 922 1053 1006 absque
1083 921 1272 984 difficultate
1301 931 1335 983 et

284 1027 437 1090 dilatione
451 1027 639 1110 resignatus.

326 1128 390 1192 His
404 1128 504 1210 igitur
518 1137 552 1191 et
576 1126 771 1211 praescriptis
797 1126 856 1189 sub
883 1126 943 1189 hoc
967 1136 1077 1190 tenore
1100 1123 1276 1209 completis,
1293 1124 1333 1186 de

282 1252 361 1313 pace
389 1239 560 1292 tractatum
588 1227 756 1303 habentes,
785 1227 826 1289 ad
855 1237 973 1289 nutum
999 1226 1194 1290 Francorum
1231 1224 1332 1308 Regis

284 1330 483 1414 Comitisque
511 1328 708 1393 Pictavensis
731 1327 884 1390 honorem
906 1351 964 1413 per
989 1328 1105 1404 omnia,
1133 1327 1174 1389 ad
1197 1326 1334 1389 dedecus

281 1443 391 1496 autem
413 1431 595 1514 Anglorum
617 1429 719 1513 Regis
748 1438 781 1492 et
810 1429 1048 1516 detrimentum,
1077 1449 1189 1513 pacem
1216 1427 1333 1491 forma·

280 1543 407 1610 verunt,
434 1533 635 1615 formamque
662 1531 807 1616 ejusdem
831 1531 949 1615 scripto
975 1530 1245 1615 comprehensam,
1263 1528 1332 1592 An-

279 1634 407 1717 glorum
430 1632 517 1716 Regi
539 1631 708 1715 legendam
733 1642 767 1694 et
788 1631 979 1694 audiendam
1008 1631 1205 1697 obtulerunt.
1250 1631 1332 1693 Erat

280 1747 389 1800 autem
402 1737 540 1820 primum
553 1734 729 1819 capitulum
743 1735 782 1797 de
795 1734 1012 1798 misericordia
1025 1735 1078 1798 cui
1093 1757 1126 1798 se
1141 1733 1329 1818 supposuit;

279 1839 455 1920 secundum
469 1859 554 1914 ver0,
575 1837 663 1920 quod
686 1858 796 1899 omnes
817 1837 874 1920 qui
890 1836 1010 1900 Comiti
1025 1835 1205 1900 Pictavensi
1220 1845 1331 1899 contra

278 1951 403 2022 patrem
418 1938 629 2016 adhaeserant,
645 1938 684 2000 de
698 1938 889 2001 tenementis
905 1938 971 2001 suis
987 1939 1135 2003 omnibus
1149 1950 1183 2001 et
1196 1937 1331 2021 ligantia

277 2039 345 2101 filio
358 2040 462 2102 solum
475 2039 681 2102 intenderent
693 2048 726 2101 et
740 2059 806 2100 non
819 2039 915 2121 patri,
930 2038 991 2101 nisi
1006 2038 1150 2102 ultronea
1163 2039 1328 2102 voluntate

277 2141 318 2204 ad
331 2141 439 2224 ipsum
452 2140 536 2203 forte
551 2139 654 2203 redire
669 2138 838 2204 voluerint.
883 2138 931 2202 Et
952 2162 1026 2204 cum
1048 2140 1178 2205 nomina
1198 2140 1328 2203 illorum

277 2241 395 2324 scripta
409 2241 443 2304 in
459 2240 570 2304 cedula
585 2240 650 2324 legi
665 2240 802 2318 audiret,
816 2240 1022 2325 primumque
1048 2241 1191 2305 omnium
1206 2241 1227 2303 J
1228 2242 1327 2304 ohan·

276 2343 326 2406 nis
340 2342 400 2405 filii
425 2342 475 2406 sui
500 2365 618 2406 nomen
639 2342 810 2426 legeretur,
826 2352 979 2426 tanquam
1002 2353 1096 2407 extra
1110 2365 1143 2407 se
1167 2343 1272 2407 factus
1295 2355 1328 2407 et

276 2455 507 2522 consternatus,
533 2455 637 2508 stratu
664 2467 729 2528 quo
755 2444 929 2508 recubabat
954 2445 1063 2508 statim
1090 2445 1126 2508 in
1155 2445 1326 2509 sessionem

276 2567 446 2629 exurgens,
466 2556 499 2609 et
522 2546 636 2609 acriter
657 2545 934 2629 circumspiciens:
959 2545 1156 2610 “Verumne
1178 2547 1258 2624 est,’'
1277 2546 1327 2608 in·

275 2647 357 2729 quit,
373 2652 394 2682 “
405 2648 492 2731 quod
506 2646 527 2709 J
528 2648 678 2724 ohannes,
694 2668 879 2723 cormeum,
897 2669 993 2730 quem
1003 2670 1072 2731 prae
1087 2647 1162 2710 filiis
1177 2647 1327 2710 omnibus

273 2749 375 2831 magis
390 2747 502 2824 dilexi,
518 2749 674 2832 cujusque
689 2747 900 2830 promotionis
915 2770 1009 2812 causa
1031 2749 1101 2812 haec
1121 2749 1228 2812 omnia
1242 2748 1325 2812 mala

274 2850 422 2927 sustinui,
438 2873 457 2913 a
471 2873 522 2913 me
537 2849 681 2912 discessit
691 2848 724 2913 2⁹⁹
769 2847 1007 2934 Compertoque
1019 2872 1079 2934 pro
1092 2861 1179 2914 certo
1190 2851 1266 2934 quia
1280 2851 1324 2914 sic

273 2961 350 3028 erat,
366 2951 485 3015 iterum
499 2974 533 3014 se
552 2951 636 3015 lecto
653 2950 789 3027 rediens,
807 2951 986 3034 faciemque
1003 2974 1093 3014 suam
1108 2952 1148 3014 ad
1169 2951 1325 3036 parietem

273 3063 399 3115 vertens
428 3063 461 3116 et
485 3052 593 3116 ⁸altius
624 3051 847 3134 ingemiscens
878 3050 1072 3130 “Vadant,”
1102 3053 1220 3136 inquit,
1251 3053 1324 3117 “de

273 3163 379 3215 cetero
404 3161 519 3215 cuncta
547 3152 631 3215 sicut
657 3162 831 3235 poterunt;
864 3175 924 3235 ego
948 3153 987 3215 de
1012 3175 1063 3215 me
1086 3155 1222 3239 amplius
1244 3156 1327 3218 nihil

273 3275 379 3336 neque
408 3254 447 3315 de
476 3253 597 3315 mundo
627 3252 800 3336 quicquam
837 3253 945 3323 curo.’'
1001 3253 1094 3318 Sicut
1122 3267 1229 3320 autem
1267 3257 1324 3340 qui

272 3365 448 3438 praesentes
466 3354 642 3418 extiterant
663 3353 767 3416 verbis
790 3354 949 3419 assertivis
973 3357 1193 3420 testimonium
1215 3358 1323 3442 perhi-

271 3457 382 3533 buere,
398 3456 479 3518 nihil
501 3456 580 3519 adeo
603 3454 707 3518 morbi
728 3454 884 3518 malitiam
906 3467 963 3519 aut
976 3457 1209 3521 vehementiam
1231 3483 1323 3523 exas-

271 3558 405 3641 peravit,
418 3557 499 3620 nihil
514 3569 648 3620 mortem
662 3556 763 3641 ipsius
783 3556 865 3622 sicut
885 3558 976 3622 dolor
998 3558 1058 3622 iste
1074 3559 1200 3623 subitus
1216 3571 1249 3624 et
1273 3561 1322 3624 in-

272 3659 422 3742 opinatus
435 3656 645 3722 acceleravit.¹

307 3805 314 3835 ¹
333 3805 446 3857 Gervase
468 3805 497 3857 of
514 3805 683 3874 Canterbury,
702 3805 767 3872 who,
821 3805 911 3876 Henry
922 3825 974 3859 was
993 3810 1160 3880 exasperated
1179 3810 1214 3880 by
1232 3827 1319 3864 cease-

270 3875 297 3925 in
322 3875 376 3926 zeal
400 3875 439 3926 for
465 3874 506 3926 his
531 3873 673 3944 fratemity‚
695 3875 767 3926 attri-
818 3874 870 3933 less
882 3876 1007 3931 troubles.

268 3943 343 3997 butes
355 3943 399 3996 the
412 3943 505 4012 King's
517 3943 594 3997 death
606 3951 633 3994 to
652 3943 695 3995 the
707 3960 767 3995 ven·
853 3945 890 3997 At
906 3945 950 3997 the
970 3946 1032 3999 time
1052 3948 1082 4000 of
1101 3948 1141 4001 his
1160 3949 1211 4008 last
1232 3949 1320 4002 illness

267 4031 363 4132 geance
385 4013 414 4065 of
429 4013 467 4066 St.
481 4013 594 4064 Thomas
610 4011 718 4064 exerted
728 4012 766 4065 for
817 4012 861 4064 the
880 4014 996 4095 convent
1013 4017 1043 4069 of
1058 4017 1218 4098 Canterbury
1230 4028 1286 4071 sent
1299 4037 1320 4100 ⁸a

287 4099 308 4133 rs
332 4082 432 4149 monks,
450 4091 564 4134 narrates
587 4099 619 4133 an
642 4081 765 4134 anecdota
817 4081 966 4152 deputatrou
976 4094 1002 4136 to
1012 4085 1056 4138 the
1066 4087 1145 4158 Krng,
1159 4096 1185 4140 to
1197 4088 1240 4164 lay
1253 4088 1319 4140 then

267 4150 351 4202 which
379 4151 402 4202 is
426 4169 487 4221 very
499 4151 696 4217 characteristic,
714 4151 764 4203 and
816 4153 929 4205 troubles
947 4154 1033 4208 before
1045 4155 1119 4222 him;
1136 4163 1318 4228 “temptantes

266 4219 351 4271 shows
375 4220 433 4271 how
457 4220 535 4272 much
565 4220 609 4272 the
636 4220 709 4271 mind
738 4221 768 4272 of
816 4221 887 4291 (says
902 4222 952 4275 ‘the
975 4225 1136 4296 Chronicler)
1157 4227 1179 4279 si
1204 4227 1269 4279 forte
1291 4227 1316 4278 in
