3000 5040
428 523 477 571 ua
503 518 770 572 rnsruuo‘rronr
796 520 1009 570 aamercort.
1178 506 1240 568 165

185 671 277 753 cujus
307 669 372 732 vita
401 682 435 734 et
464 671 660 734 conversatio
688 668 826 732 borealis
855 666 986 750 Angliae
1015 666 1104 729 fines*
1124 668 1241 731 nostris

185 770 298 833 diebus
310 771 493 849 illustravit,
510 773 662 856 quoniam
675 771 752 834 huic
763 773 830 855 jam
849 769 945 832 dictae
960 768 1074 831 visioni
1092 791 1134 831 ex
1150 765 1240 853 parte

184 893 247 933 non
279 872 441 937 dissimilis
470 885 548 951 erat,
575 885 609 938 et
636 873 689 936 hic
725 894 885 957 apponere
913 869 1047 952 dignum
1076 870 1240 935 duximus.

186 971 367 1038 Videbatur
377 975 463 1038 enim
477 975 508 1037 ei
524 976 622 1060 quod,
635 998 708 1039 cum
724 973 889 1038 ecclesiam
906 972 1066 1054 quandam
1080 971 1239 1047 intrasset,

182 1175 274 1238 altari
303 1187 456 1261 tanquam
478 1188 665 1262 prostratos,
695 1177 752 1260 q'ui
781 1187 815 1239 et
842 1186 953 1259 postea
975 1185 1152 1258 surgentes,
1174 1177 1240 1261 pal·

183 1278 247 1349 lam
272 1279 380 1342 altaris
402 1291 435 1343 et
456 1280 666 1344 lintheamina
686 1281 867 1363 abstergere
893 1288 1073 1362 coeperunt,
1093 1288 1126 1341 et
1150 1280 1241 1363 quasi

183 1379 349 1462 pulverem
379 1393 543 1447 excutere.
598 1382 726 1445 Deinde
755 1403 851 1465 super
880 1381 977 1443 altare
1007 1380 1194 1443 scandentes
1223 1405 1242 1444 a

184 1481 333 1545 crucifixi
371 1483 510 1567 pedibus
551 1494 585 1546 et
621 1483 711 1547 tibiis
752 1482 980 1567 pulverulenta
1019 1481 1238 1564 detergebant.

185 1583 326 1647 Demum
353 1604 428 1648 vero
462 1607 561 1670 super
590 1585 782 1650 crucifixum
811 1585 1015 1647 ascendentes
1044 1582 1156 1666 ibique
1184 1578 1243 1645 ali-⁴
1274 1616 1281 1625 =

185 1684 330 1767 quandiu
358 1686 516 1764 sedentes,
547 1687 677 1750 demum
705 1686 807 1750 urinis
836 1695 870 1748 et
895 1683 1114 1768 egestionibus
1142 1684 1241 1748 altare

184 1785 341 1869 undique,
372 1789 461 1871 quod
487 1788 641 1852 horribile
670 1788 793 1852 dictum
823 1797 881 1864 est,
908 1785 1124 1849 sordidabant.
1170 1785 1241 1849 Nec

78 1911 80 1913 ¹
184 1908 283 1963 mora,
299 1887 381 1951 vidit
396 1888 522 1972 Regem
545 1912 618 1952 cum
637 1891 765 1953 duobus
786 1888 861 1952 filiis
880 1887 957 1963 suis,
979 1886 1119 1950 Ricardo
1142 1909 1184 1951 sc.
1208 1899 1243 1951 et

184 1987 342 2066 Johanne,
367 1988 523 2074 deorsum
539 1994 645 2054 coram
667 1990 762 2054 altari
783 1989 857 2053 curn
880 1988 1019 2072 strepitu
1038 1989 1151 2072 grandi
1173 2010 1242 2053 cor-

184 2100 325 2167 ruentes,
343 2091 424 2154 adeo
447 2102 486 2155 ut
507 2092 693 2157 minutatim
708 2092 887 2156 confractos
912 2089 1034 2154 ibidem
1056 2100 1089 2152 et
1113 2089 1245 2153 misera-¹

182 2190 292 2255 biliter
307 2193 373 2255 vita
387 2178 546 2277 Privatos,
563 2217 636 2258 cum
658 2195 789 2257 horrore
803 2192 1011 2276 conspiceret,
1027 2190 1099 2254 aliis
1114 2191 1241 2255 duobus

184 2291 219 2353 in
233 2304 407 2377 conspectu
422 2315 480 2356 suo
495 2316 655 2378 nusquam
670 2293 939 2379 comparentibus.

228 2392 323 2457 Hanc
339 2395 437 2458 etiam
451 2395 606 2475 visionem
629 2400 719 2459 suam
740 2396 846 2459 bonus
860 2394 909 2458 vir
931 2394 1000 2478 ipse
1015 2393 1060 2456 sic
1075 2394 1239 2477 exposuit,

184 2495 272 2576 quod
294 2518 383 2559 orare
406 2487 440 2560 et
461 2497 561 2559 altare
583 2508 617 2561 et
641 2496 790 2560 crucifixi
811 2496 983 2578 imaginem
1005 2504 1130 2578 tergere
1152 2496 1244 2559 vide-⁴

183 2596 312 2674 bantur,
329 2597 389 2661 hoc
405 2599 493 2681 quod
514 2621 626 2682 pacem
647 2599 682 2661 in
704 2598 798 2662 terris
820 2598 886 2661 s'uis'
904 2596 1102 2681 pauperibus
1116 2591 1240 2660 servare

183 2698 349 2762 curabant.
396 2699 496 2765 Quod
517 2711 625 2763 autem
647 2722 743 2784 super
758 2699 856 2763 altare
872 2699 1067 2762 scandebant
1082 2708 1115 2761 et
1138 2699 1245 2762 cruci·'

183 2798 298 2874 fixum,
323 2800 561 2883 oppressionem
596 2800 840 2864 ecclesiasticam
865 2823 924 2884 per
949 2801 1035 2884 ipsos
1061 2799 1178 2863 factam
1207 2811 1241 2863 et

182 2899 372 2976 faciendam,
404 2901 600 2984 designabat.
660 2902 771 2966 Ruina
798 2925 873 2966 vero
902 2901 1004 2986 Regis
1033 2909 1065 2963 et
1102 2896 1247 2964 duorum‘

183 3001 324 3064 filiorum
346 3011 419 3084 post
445 3002 552 3086 ipsum
565 3003 782 3087 regnantium,
797 3004 971 3068 vindictam
993 3003 1034 3065 ab
1057 3002 1135 3087 ipsis
1161 3003 1240 3066 divi-

184 3103 272 3165 nitus
298 3103 483 3166 sumendam
509 3104 700 3170 declaravit.
734 3106 833 3171 Vixit
856 3107 971 3169 autem·v
989 3105 1093 3167 bonus
1114 3104 1162 3167 vir
1184 3098 1247 3167 111ο1

183 3226 288 3286 usque
311 3203 352 3266 ad
376 3204 566 3288 martyrium
586 3206 674 3271 beati
690 3206 825 3270 Thomae
849 3218 882 3270 et
903 3206 1007 3270 ultra:
1033 3206 1104 3289 qui,
1125 3217 1158 3269 et
1179 3205 1239 3268 hoc

183 3304 306 3381 audite,
334 3305 439 3384 dixit3
473 3306 584 3370 “Rex
609 3308 681 3386 iste,
705 3309 761 3393 qui
786 3308 990 3392 tyrannidem
1013 3307 1048 3369 in
1074 3306 1239 3369 ecclesiam

184 3405 247 3468 Dei
274 3416 396 3469 tantam
419 3418 559 3484 exercet,
579 3410 678 3492 juxta
700 3409 856 3471 visionem
879 3430 976 3490 quam
1001 3407 1076 3483 vidi,
1101 3407 1240 3490 graviter

183 3516 322 3569 corruet.
366 3505 413 3568 Et
437 3506 497 3568 filii
518 3508 631 3591 ipsius,
657 3509 796 3571 maxime
827 3509 890 3570 duo
919 3507 968 3570 illi
993 3517 1105 3590 postea
1126 3529 1238 3590 regna-

183 3607 259 3682 turi,
277 3617 400 3689 patrem
415 3617 481 3670 tarn
496 3607 529 3669 in
545 3609 640 3692 culpa
651 3620 828 3692 sequentur
843 3630 939 3691 quam
953 3609 988 3670 in
1003 3607 1131 3692 poena.’'
1154 3653 1158 3661 ,

225 3707 287 3772 Vir
302 3706 432 3791 quidam
446 3707 481 3770 111
495 3731 606 3772 somno
615 3710 706 3787 vidit,
720 3710 811 3794 quasi
826 3710 952 3772 duobus
963 3709 1111 3792 Regibus
1123 3709 1158 3773 in
1173 3733 1239 3774 uno

182 3809 254 3872 loco
289 3808 484 3887 constitutis,
508 3809 633 3894 Regem
657 3811 837 3875 Henricum
868 3811 976 3874 subito
999 3806 1166 3895 personam
1189 3813 1239 3874 in-

183 3912 282 3974 duere
298 3921 364 3973 tam
386 3912 569 3996 despectam
584 3923 617 3976 et
632 3912 916 3996 contemptibilem,
932 3923 971 3975 ut
993 3911 1084 3995 quasi
1106 3912 1140 3974 in
1162 3914 1238 3976 nani

184 4022 339 4076 staturam
373 4012 589 4097 exiguamque
612 4012 799 4078 homunculi
821 4013 956 4077 formam
986 4015 1109 4076 cunctis
1138 4013 1238 4076 admi·
1278 4081 1281 4086 A

182 4114 328 4177 rantibus
352 4115 420 4198 jam
449 4115 654 4179 decresceret.
714 4116 903 4201 Philippum
932 4111 1006 4179 vero
1042 4115 1238 4178 Francorum

184 4214 319 4296 Regem,
335 4225 487 4299 tanquam
502 4216 542 4278 ab
560 4215 703 4281 Henrico
718 4218 809 4301 Rege
837 4217 872 4279 111
898 4217 1057 4299 quoddam
1073 4215 1239 4280 castellum

183 4337 278 4379 suum
293 4316 478 4400 hospitandi
486 4318 590 4402 gratia
604 4320 789 4398 deductum,
804 4319 838 4382 in
853 4313 975 4382 tantam
991 4319 1191 4402 majestatem
1207 4329 1240 4380 et
