3000 5016
288 488 329 551 16
600 506 780 558 erasinus
805 507 1030 559 csnsnnusrs

287 651 436 718 Castellae
465 652 623 734 Alfons03
657 654 809 733 Siciliam,
840 656 967 720 tertiam
997 668 1030 720 et
1058 668 1138 722 natu
1170 658 1339 734 minorem,

285 755 464 819 Willielmo
478 755 660 820 Siculorum
674 757 753 841 regi,
770 757 973 820 matrimonio
987 757 1191 843 copulandas.

328 858 385 922 Ex
399 857 509 922 eadem
524 857 679 922 Alienora
695 881 753 922 sex
768 881 899 943 quoque
913 858 997 923 filios
1018 859 1156 944 inclytos
1176 859 1339 946 suscepit;

286 980 423 1042 quorum
438 959 563 1022 duobus
576 959 616 1035 ,in
637 959 753 1022 teneris
770 961 862 1024 annis
883 970 1078 1044 praemature
1100 959 1244 1037 sublatis,
1261 983 1340 1045 qua·

285 1070 360 1124 tuor
381 1059 499 1124 adultis
520 1059 593 1144 plus
614 1071 706 1145 pater
724 1061 756 1123 in
781 1061 859 1125 flore
886 1083 983 1145 quam
1006 1061 1041 1125 in
1067 1061 1187 1139 fructu,
1209 1061 1282 1146 plus
1304 1062 1338 1124 in

284 1162 384 1226 herba
399 1184 495 1246 quam
509 1161 544 1224 in
566 1162 663 1246 spica,
679 1162 751 1246 plus
772 1162 807 1225 in
828 1163 937 1247 pueris
955 1185 1051 1247 quam
1073 1163 1232 1247 provectis
1253 1164 1340 1247 gavi-

285 1286 339 1327 sus
362 1274 428 1341 est3
451 1264 536 1326 sicut
551 1263 585 1326 in
602 1263 762 1326 vaticinali
783 1264 1032 1348 expugnationis
1055 1264 1252 1348 Hybemicae
1275 1263 1340 1330 his·

285 1365 367 1429 toria
377 1376 495 1442 nostra,
508 1374 541 1427 et
553 1363 587 1427 in
599 1364 811 1449 descriptione
821 1364 922 1448 Regis
933 1365 1076 1448 ejusdem
1087 1388 1183 1449 quam
1192 1365 1336 1445 fecimus,

285 1488 382 1550 quam
412 1476 445 1529 et
470 1465 546 1530 huic
572 1465 662 1550 operi
690 1466 900 1550 subsequenti
926 1466 1112 1550 adjecimus,
1138 1466 1202 1550 legi
1230 1478 1338 1551 potest

283 1567 349 1639 ibi:
373 1571 394 1603 “
406 1566 577 1651 Legitimae
592 1567 691 1652 prolis
704 1567 874 1651 pueritia,'’
890 1568 962 1632 &c.¹
1011 1567 1122 1652 Digna
1138 1568 1291 1632 nimirum
1304 1580 1339 1634 et

283 1669 448 1752 exquisita
467 1669 621 1733 divinitus
637 1669 699 1732 hoc
714 1669 744 1732 ei
765 1669 875 1733 datum
890 1679 939 1732 est
953 1668 1095 1746 ultione;
1118 1679 1158 1734 ut
1172 1671 1213 1734 ob
1227 1692 1338 1753 graves

284 1792 433 1833 excessus
460 1781 494 1835 et
515 1768 670 1847 enormes,
693 1769 782 1854 prole
810 1770 949 1855 propria,
969 1771 1075 1834 minus
1102 1770 1190 1835 licite
1217 1771 1338 1834 minus-

284 1894 348 1956 que
384 1871 525 1954 legitime
561 1881 709 1956 suscepta
737 1893 834 1956 quam
870 1871 1007 1948 deceret,
1036 1872 1146 1956 puniri
1173 1872 1338 1950 meruerit,

283 1971 373 2034 etin
401 1971 494 2034 terris
520 1980 554 2035 et
577 1993 679 2055 usque
708 1972 749 2035 ad
775 1980 953 2036 extremam
978 1971 1215 2036 exhalationem
1240 1974 1337 2037 anxie

282 2072 474 2157 perturbari,
486 2073 583 2157 juxta
598 2073 799 2158 prophetiam
814 2072 979 2152 Naaman3
992 2073 1068 2136 Noa
1081 2074 1203 2137 recedet
1210 2074 1338 2158 qlodics

283 2174 321 2236 de
347 2174 432 2236 mmo
454 2175 570 2259 impii.²
613 2174 660 2239 Et
673 2173 754 2238 illud
777 2174 931 2260 ejusdem,
947 2173 1120 2239 Suscitabit
1134 2175 1222 2239 Deus
1236 2195 1337 2239 remea

284 2284 369 2338 taram
383 2285 491 2341 contro
506 2276 566 2341 te.”
964 2277 967 2281 ’

723 2543 803 2608 Car.
827 2543 895 2608 ΙΙΙ.

306 2700 358 2763 De
373 2699 543 2763 enormibus
556 2697 690 2781 ejusdem
699 2705 811 2780 postea
825 2693 949 2758 delictis
963 2702 995 2759 et
1008 2696 1160 2780 martyrio
1180 2694 1308 2759 mama.

330 2891 493 2956 Insanus
519 2889 639 2952 etenim
662 2887 859 2951 Francorum
883 2885 1046 2970 Reginam
1072 2886 1259 2959 Alienoram
1281 2887 1338 2950 do·
1441 2920 1443 2925 ⁴

110 2978 137 3056 in
203 2977 246 3057 ⁰¹¹⁸.
286 2993 372 3056 mino
383 3015 442 3055 suo
454 2989 625 3055 Lodowico
637 2989 833 3053 Francorum
848 2986 945 3071 Regi,
961 2986 1045 3050 sicut
1058 2987 1134 3050 satis
1149 2997 1198 3050 est
1212 2998 1336 3066 notum,

285 3094 428 3158 indebite
443 3091 616 3167 subtraxit,
632 3088 760 3172 sibique
772 3088 812 3151 de
825 3087 911 3151 facto
925 3087 1086 3172 conjugali
1098 3087 1227 3153 vinculo
1241 3113 1339 3175 copu-

285 3195 387 3260 lavit³
430 3193 486 3257 Ex
502 3215 566 3276 qua
585 3201 619 3256 et
632 3190 756 3278 prolem
781 3189 979 3275 praedictam,
1000 3211 1150 3274 processu
1173 3192 1337 3277 temporis,

287 3295 392 3360 omine
407 3294 547 3358 infausto
569 3293 728 3377 suscepit3
751 3314 810 3376 per
824 3313 932 3376 quam,
947 3300 986 3354 ut
1000 3290 1152 3369 diximus,
1168 3293 1210 3356 ob
1229 3292 1289 3356 hoc
1304 3303 1338 3357 et

286 3398 349 3462 alia
363 3397 478 3461 delicta
491 3394 683 3480 gravissima,
694 3415 832 3478 quorum
847 3392 996 3477 quaedam
1010 3393 1245 3476 subsequenter
1259 3417 1339 3459 enu-

285 3500 490 3576 merabimus,
506 3519 581 3561 eum
595 3495 766 3573 Dominus,
782 3495 859 3580 quia
872 3493 1001 3559 vexatio
1021 3493 1111 3558 dabit
1124 3494 1336 3575 intellectum,

285 3601 448 3666 humiliari
470 3599 573 3664 voluit
595 3608 629 3662 et
650 3597 690 3661 ad
710 3596 922 3682 penitentiam
940 3594 1098 3672 revocari,
1121 3596 1172 3660 vel
1192 3596 1219 3660 si
1239 3597 1338 3661 obsti-

285 3717 379 3770 natus
392 3703 542 3768 inventus
556 3699 666 3776 fuerit,
677 3698 767 3784 prole
781 3697 920 3783 propria,
937 3706 1061 3782 patrem
1074 3696 1183 3780 plecti,
1196 3707 1229 3761 et
1244 3720 1337 3762 carne

286 3806 464 3871 carnificem
479 3802 622 3869 cruciari.

329 3909 450 3972 Fuerat
471 3905 557 3970 enim
581 3913 614 3967 et
631 3903 671 3966 ab
696 3903 791 3965 initio
811 3911 845 3965 et
859 3923 962 3984 usque
985 3900 1138 3964 adfinem
1162 3899 1339 3963 nobilitatis

286 4029 463 4092 oppressor,
475 4008 531 4090 jus
553 4015 586 4069 et
599 4004 761 4090 injuriam,
783 4002 896 4086 fasque
918 4002 1072 4086 nefasque
1095 4023 1153 4087 pro
1173 4002 1338 4066 commodo

286 4170 333 4292 xii}
349 4167 491 4309 {uiliihed
524 4169 551 4221 in
583 4169 710 4238 Bouquet,
735 4167 785 4222 vol.
837 4237 861 4288 G
863 4166 948 4288 dlesoe
970 4165 1151 4236 Hemingford,
1163 4183 1188 4236 p.
1211 4169 1271 4239 489,
1293 4165 1335 4219 ed.

322 4308 544 4362 ²2Sam.x.12.
