3000 5040
262 489 324 553 166
567 503 749 555 ammons
775 501 1001 552 cauannnns

260 665 326 718 tam
354 653 566 718 excellentem
595 663 728 716 staturae
755 653 978 737 proceritatem
1008 652 1090 716 vidit
1119 672 1312 727 excrescere,

260 766 299 821 ut
327 755 530 819 intuentibus
558 756 682 819 cunctis
705 754 894 818 venerabilis
917 754 1007 818 valde
1036 777 1072 817 ao
1101 753 1313 818 formidabilis

260 859 443 923 haberetur.
490 857 568 934 Qui,
599 881 672 921 cum
699 857 825 939 Regem
855 856 1035 920 Henricum
1061 867 1126 920 tam
1156 855 1314 938 exiguum

262 962 469 1045 conspiceret,
488 961 580 1044 quasi
599 960 699 1044 digito
717 969 869 1044 protenso
882 959 951 1023 suis
970 980 1046 1022 eum
1060 959 1231 1022 ostendens
1246 960 1310 1022 ait:

262 1063 398 1126 “Estne
413 1062 474 1125 iste
489 1062 585 1124 homo
600 1061 654 1124 cui
668 1071 752 1124 terra
766 1060 907 1144 relinqui
922 1060 1038 1123 debeat
1050 1059 1089 1122 ?”

304 1164 423 1229 Visum
432 1163 673 1246 estaliiRegem
684 1162 863 1226 Henricum
872 1163 1054 1247 pervadum
1063 1161 1213 1226 limosum
1222 1163 1315 1247 equi-

261 1277 394 1342 tantem,
410 1264 519 1328 subito
533 1273 618 1328 terra
631 1264 774 1348 limoque
789 1264 925 1348 desuper
939 1264 1120 1340 claudente,
1137 1273 1242 1328 totum
1257 1265 1312 1328 ab·

262 1377 407 1451 sorptum
428 1387 507 1442 esse,
523 1365 701 1449 limumque
715 1365 825 1429 statim
846 1365 1024 1429 maximum
1045 1377 1080 1428 et
1104 1366 1312 1450 nigerrimum

262 1489 442 1552 emergere;
466 1467 523 1550 qui
538 1489 610 1530 cum
626 1467 756 1530 demum
777 1466 920 1530 maximo
935 1490 1008 1530 oum
1022 1468 1131 1532 labore
1146 1479 1312 1533 extractus

261 1570 386 1646 fuisset,
401 1569 470 1633 siue
490 1569 595 1653 capite
610 1580 758 1654 repertus
772 1579 833 1635 est.
877 1569 1033 1654 Dumque
1054 1581 1151 1654 caput
1172 1581 1315 1655 postmo-

263 1671 340 1734 dum
361 1694 421 1755 per
443 1694 478 1735 se
492 1671 608 1734 fuisset
622 1671 800 1749 inventum,
815 1670 915 1754 idque
926 1693 987 1734 suo
1000 1671 1095 1734 collo1
1117 1673 1255 1757 jungere
1278 1683 1314 1738 et

225 1854 229 1860 ·
262 1783 371 1856 aptare
387 1772 518 1849 frustra,
534 1772 592 1855 qui
606 1772 677 1836 haeo
686 1771 777 1848 vidit,
794 1770 1010 1848 elaboraret,a
1022 1794 1133 1836 somno
1146 1795 1316 1858 exporrec-

264 1882 317 1936 tus
332 1873 504 1956 evigilavit.

306 1974 486 2039 Monachus
494 1975 639 2059 quidam,
651 1976 768 2040 ductus
778 1976 813 2040 in
822 1975 949 2060 spiritu,
959 1976 1042 2040 vidit
1050 1977 1142 2060 quasi
1151 1976 1315 2040 hominem

262 2084 410 2159 puratum
424 2077 465 2141 ad
479 2077 642 2157 duellum3
658 2088 691 2142 et
712 2100 786 2142 cum
801 2078 970 2162 quaesisset
982 2079 1024 2141 ab
1046 2078 1161 2162 angelo
1175 2079 1308 2142 ductore

263 2177 411 2260 quisnam
437 2189 521 2242 esset
544 2179 611 2256 ille,
626 2180 750 2244 audivit
775 2181 863 2264 quod
875 2179 971 2243 Jesus
984 2189 1063 2244 erat.
1109 2181 1155 2244 Et
1176 2203 1251 2243 cum
1270 2203 1314 2244 ex

262 2279 325 2342 alia
349 2291 441 2364 parte
463 2281 587 2345 videret
607 2281 707 2346 alium
728 2282 875 2346 similiter
899 2293 1058 2367 paratum,
1078 2282 1219 2366 quaesito
1241 2282 1317 2366 quis

262 2379 317 2444 ille
345 2391 440 2458 esset,
463 2383 588 2447 audivit
614 2383 702 2466 quod
728 2382 891 2446 Heuricus
914 2383 1002 2448 Rex.
1061 2383 1210 2468 Cumque
1238 2406 1315 2447 con·

263 2483 474 2565 gredereutur
495 2485 610 2562 acrius,
633 2483 711 2548 Rex
730 2507 839 2568 graves
857 2485 997 2549 insultus
1019 2485 1167 2549 faciendo
1186 2486 1316 2548 demum

262 2584 349 2647 visua
363 2594 413 2648 est
427 2585 604 2650 Dominum
619 2586 654 2649 in
663 2586 771 2648 fronte
785 2596 964 2670 percutere,
976 2586 1056 2651 adeo
1068 2597 1107 2650 ut
1116 2587 1246 2671 sanguis
1259 2609 1318 2670 per

262 2686 383 2751 faciem,
392 2688 540 2752 deorsum
552 2711 680 2751 manare
694 2688 867 2752 videretur.
913 2688 1006 2752 Tunc
1019 2699 1131 2752 autem
1143 2689 1317 2752 monachus

263 2789 471 2854 contristatus
483 2790 661 2875 plurimum
673 2800 707 2854 et
723 2800 945 2854 consternatus
960 2791 1162 2867 exclamavit,
1184 2795 1207 2826 “
1218 2790 1314 2855 Vhe!

264 2890 357 2957 Vhe!
373 2893 568 2956 auxiliemur
579 2893 622 2956 Ei
632 2892 661 2956 !”
675 2892 842 2977 respondit
851 2893 881 2956 ei
890 2892 1033 2976 angelus,
1045 2898 1067 2929 “
1080 2893 1156 2957 Non
1165 2902 1216 2957 est
1224 2915 1316 2977 opus,

264 3002 417 3075 exspecta
430 2994 633 3078 parumper.”
675 2994 722 3058 Et
734 2994 844 3058 statim
854 2995 1015 3059 Dominus
1026 2995 1152 3063 elevans
1165 2994 1317 3058 baculum

262 3092 309 3159 ita
323 3093 449 3176 Regem
471 3096 682 3178 percutiendo
704 3096 904 3174 comminuit,
919 3107 959 3160 ut
982 3120 1025 3160 ex
1049 3098 1121 3182 ipso
1142 3099 1211 3182 jam
1233 3097 1317 3160 nihil

264 3194 393 3258 omnino
408 3218 504 3282 super
519 3205 635 3260 terram
649 3208 857 3281 compareret.

674 3491 757 3557 Car.
781 3493 905 3558 XXX

264 3645 317 3708 De
331 3647 448 3708 cisione
470 3644 619 3708 Willelmi
632 3644 732 3728 Regis
746 3644 825 3725 Rufi
839 3664 932 3727 quam
945 3643 1012 3729 ipse
1022 3643 1119 3720 vidit,
1136 3653 1168 3706 et
1190 3643 1258 3706 alia
1279 3643 1318 3706 de

308 3748 375 3830 a'pso
389 3748 468 3823 aisa,
483 3745 641 3830 similique
652 3746 744 3808 morti
757 3766 818 3807 suae
834 3744 1052 3828 Regispostea
1067 3745 1206 3808 Ricardi
1220 3754 1317 3824 morte

308 3849 442 3912 secuta.2

102 4007 177 4108 3220
172 4017 253 4096 regg-1·
308 3997 486 4063 Vlsrounu
501 4009 610 4062 autem
625 4019 721 4081 quam
738 3997 817 4062 vidit
832 3996 1013 4081 Anglorum
1027 3997 1105 4062 Rex
1120 3997 1319 4074 Willelmus,

101 4105 253 4197 ioqngqggth
267 4099 425 4165 Willelmi
440 4100 588 4165 Bastardi
602 4100 689 4165 filius
703 4110 736 4163 et
750 4099 862 4165 matris
876 4099 1012 4164 Henrici
1023 4099 1156 4164 secundi
1170 4111 1316 4184 patruus,

102 4207 133 4247 ¹¹·
301 4231 400 4296 ¹r0a,
413 4233 471 4286 ns.
818 4231 898 4284 cerea
928 4232 972 4285 the
999 4232 1077 4285 reeh
1101 4232 1131 4284 of
1157 4231 1250 4299 nans,
1274 4231 1319 4283 the

295 4303 309 4342 ¹²
326 4303 379 4355 For
397 4301 441 4357 the
458 4304 586 4372 wernings
605 4301 691 4356 which
708 4319 765 4372 pre-
816 4297 906 4355 reader
925 4302 947 4357 is
959 4302 1071 4357 referred
1091 4311 1119 4355 to
1137 4301 1183 4358 the
1194 4301 1327 4372 indepen-¹
