3000 5040
289 457 351 520 116
597 467 779 520 alrannus
805 469 1032 522 1111111111

286 621 408 707 putavi.
454 619 538 684 Cum
552 619 638 683 enim
653 619 805 697 Parisius,
820 621 854 682 in
872 621 1071 705 juvenilibus
1093 621 1184 684 annis
1203 619 1343 683 liberali-

288 723 349 786 bus
371 722 469 786 animi
489 722 604 785 studiis
618 722 823 785 vehementer
846 721 1045 805 applicaret,¹
1059 722 1197 804 contigit
1218 721 1342 805 inipso

288 824 441 908 temporis
456 823 672 907 autumpnalis
695 823 799 899 initio,
814 834 908 886 nocte
925 823 1066 906 quidem,
1086 834 1120 887 et
1141 824 1244 887 noctis
1266 823 1345 885 hora

290 926 382 1010 quasi
395 935 470 1009 post
483 924 692 989 conticinium
715 936 750 988 et
774 924 857 987 circa
880 946 1027 1008 soporem
1051 925 1202 1009 primum,
1220 924 1344 1008 Philip-

289 1049 369 1110 pum
389 1036 534 1088 materno
564 1048 607 1089 ex
636 1035 731 1088 utero
760 1047 819 1109 per
841 1024 906 1088 Dei
934 1024 1070 1107 gratiam
1098 1036 1221 1089 natum.
1267 1025 1344 1091 Quo

290 1150 417 1191 rumore
439 1150 497 1211 per
519 1129 634 1190 urbem
648 1127 770 1203 audito,
786 1137 820 1189 et
843 1148 916 1190 cum
932 1126 1050 1208 gaudio
1072 1138 1233 1212 suscepto,
1249 1127 1344 1212 quale

291 1230 341 1292 vel
368 1238 526 1312 quantum
546 1227 658 1311 lingua
682 1227 837 1310 explicari
859 1249 926 1289 non
951 1237 1069 1310 posset,
1085 1228 1193 1292 statim
1220 1250 1345 1311 campa·

292 1353 405 1394 narum
441 1330 584 1392 omnium
614 1351 674 1414 per
708 1327 796 1392 urbis
825 1328 1069 1412 amplitudinem
1107 1339 1208 1393 totam
1236 1340 1345 1393 tantus

292 1432 435 1515 undique
449 1453 546 1495 sonus
568 1441 601 1493 et
615 1430 744 1514 clangor
766 1430 883 1514 erupit,
898 1439 1053 1514 tantaque
1067 1430 1236 1495 luminaria
1255 1454 1346 1495 cerea

292 1534 421 1596 fuerant
455 1554 514 1616 per
542 1531 665 1616 plateas
693 1553 802 1594 omnes
828 1553 968 1607 accensa,
996 1532 1083 1615 quod
1112 1532 1236 1597 sonitus
1262 1532 1345 1595 tanti

293 1634 440 1718 tantique
456 1632 615 1697 tumultus
629 1632 762 1709 insoliti,
777 1655 902 1696 necnon
916 1643 950 1696 et
963 1633 1112 1696 nocturni
1131 1632 1262 1696 luminis
1280 1644 1346 1696 tam

293 1735 440 1800 immensi
463 1757 589 1798 eausam
609 1734 804 1817 ignorantes,
820 1734 909 1798 urbis
934 1734 1118 1799 incendium
1140 1746 1218 1799 tunc
1240 1735 1346 1801 immi-

293 1860 370 1901 nere
383 1837 553 1921 putabant.
598 1835 696 1900 Unde
711 1845 745 1899 et
759 1845 871 1899 auctor
885 1836 990 1920 operis
1004 1835 1101 1921 hujus
1116 1836 1298 1900 adolescens
1312 1837 1346 1898 in

294 1940 374 2002 urbe
390 1938 533 2002 existens
547 1947 589 2001 11
604 1937 695 2020 quasi
709 1936 898 2000 vicesimum
920 1937 1027 2002 aetatis
1046 1960 1113 2001 suae
1128 1949 1206 2002 tunc
1227 1960 1347 2001 annum

295 2040 482 2124 adimplem,
505 2061 524 2102 a
546 2048 737 2122 stratuque
758 2039 915 2103 recubans
937 2061 1107 2124 sompnum
1129 2060 1258 2123 carpere
1279 2040 1347 2123 jam

295 2152 438 2226 coeperat
463 2151 682 2224 experrectus,
709 2140 750 2204 ad
771 2139 946 2204 fenestram
971 2140 1057 2204 illico
1083 2139 1239 2224 prosiliit;
1274 2163 1348 2223 pro-

294 2244 496 2328 spiciensque
511 2242 592 2306 vidit
605 2242 640 2306 in
654 2242 761 2327 platea
775 2243 898 2307 vetulas
920 2242 1000 2305 duas
1021 2242 1193 2306 admodum
1211 2264 1348 2326 pauper·

296 2344 393 2422 eulas,
416 2343 564 2410 manibus
593 2353 700 2409 tamen
727 2343 813 2406 faces
841 2364 947 2406 cereas
976 2342 1195 2427 praeferentes,
1220 2352 1254 2406 et
1283 2353 1348 2406 tam

295 2446 390 2509 vultu
412 2467 508 2528 quam
534 2444 676 2521 vocibus,
700 2453 835 2528 totoque
864 2454 959 2527 gestu
984 2445 1125 2529 corporis
1155 2445 1348 2521 exultantes,

296 2546 505 2630 passibusque
528 2544 684 2629 properis,
706 2555 861 2628 tanquam
886 2544 948 2609 sibi
972 2545 1109 2609 invicem
1135 2546 1292 2610 obviando
1315 2556 1350 2610 et

295 2646 508 2730 confligendo,
527 2646 727 2710 cursitantes.
774 2645 921 2730 Cumque
944 2669 1071 2710 causam
1091 2656 1191 2710 tantae
1211 2670 1351 2712 commo·

296 2748 394 2812 tionis
421 2757 455 2811 et
480 2747 690 2812 exuitationis
718 2750 759 2811 ab
786 2748 831 2813 eis
854 2748 1051 2831 inquisisset,
1075 2771 1184 2812 earum
1210 2771 1276 2813 una
1299 2771 1351 2813 re-

296 2850 433 2934 spiciens
448 2850 557 2914 statim
578 2858 612 2912 et
638 2850 844 2934 respondens,
867 2849 1058 2935 “Regem’'
1080 2850 1198 2936 inquit,
1223 2849 1350 2913 “habe-

297 2974 368 3014 mus
396 2951 490 3015 nobis
517 2973 537 3016 a
565 2951 638 3015 Deo
666 2974 753 3015 nunc
782 2951 893 3015 datum
921 2962 955 3016 et
982 2952 1074 3036 regni
1098 2951 1248 3017 heredem
1277 2951 1350 3016 Deo

269 3102 271 3106 ‡
294 3053 438 3117 donante
466 3052 675 3136 pervalidum,
701 3077 760 3139 per
789 3076 886 3138 quem
916 3053 986 3139 regi
1015 3065 1122 3119 vestro
1150 3053 1287 3117 dedecus
1319 3064 1352 3118 et

299 3155 483 3238 dampnum,
504 3176 602 3237 poena
628 3155 798 3240 pudorque
824 3155 938 3240 gravis,
962 3156 1149 3220 confusione
1176 3155 1296 3238 pariter
1319 3165 1353 3218 et

294 3277 443 3318 vaerumna
462 3254 588 3339 plenus,
603 3257 790 3322 accrescet’'
833 3256 884 3320 Ac
903 3256 931 3320 si
953 3268 1065 3341 aperte
1086 3257 1216 3334 dixerit,
1234 3256 1353 3322 “Puer

300 3367 349 3420 111
370 3356 464 3421 nobis
486 3356 546 3421 hac
570 3368 664 3423 nocte
692 3368 788 3424 uatus
814 3359 871 3442 qui
893 3369 979 3423 certe
1004 3358 1107 3442 Regis
1131 3357 1229 3422 vestri
1244 3357 1353 3423 divino

299 3459 407 3522 favore
429 3459 563 3523 malleus
586 3460 657 3537 erit,
681 3460 804 3544 quique
828 3483 919 3524 suam
942 3483 1137 3545 suorumque
1159 3469 1353 3544 potestatem

301 3572 335 3624 et
355 3583 472 3646 pascua
495 3561 708 3645 proculdubio
730 3562 941 3628 decurtabit.”
986 3562 1116 3627 Sciebat
1130 3562 1216 3626 enim
1238 3559 1355 3624 mulier

296 3663 407 3746 ¹ipsum
421 3661 587 3745 sociosque
600 3684 675 3726 suos
690 3663 730 3727 de
745 3663 876 3748 Angliae
891 3687 991 3748 regno
1006 3664 1157 3728 oriundos
1172 3687 1251 3740 esse,
1266 3663 1355 3727 ideo-

302 3785 366 3846 que
378 3763 513 3826 verbum
526 3763 587 3827 hoc
604 3764 695 3846 quasi
717 3766 908 3850 prophetico
929 3765 1048 3850 spiritu
1069 3765 1241 3850 prolatum,
1257 3764 1356 3828 nimia

300 3886 416 3942 nempe
438 3864 643 3948 postmodum
665 3867 800 3931 veritate
823 3867 1059 3952 complendum,
1074 3867 1189 3932 acriter
1213 3867 1248 3931 in
1269 3867 1355 3951 ipsos

301 3986 477 4047 eorumque
492 3964 618 4047 Regem
632 3987 712 4030 anus
727 3966 843 4031 emisit.

338 4138 345 4170 ¹
364 4137 412 4188 See
422 4137 466 4190 the
479 4139 591 4200 treatise,
605 4139 644 4191 De
656 4139 740 4206 rebus,
753 4139 802 4194 dte.
853 4141 885 4194 be
897 4141 941 4194 the
951 4142 1021 4195 natal
1039 4160 1100 4212 year
1112 4143 1142 4194 of
1150 4142 1284 4206 Gimldus;
1302 4141 1353 4193 five

303 4208 371 4274 Ang.
384 4206 441 4263 Sec.
454 4207 515 4261 467.
540 4206 626 4278 Philip
635 4227 688 4261 was
700 4209 763 4267 born
776 4211 802 4263 in
854 4228 927 4280 years
940 4211 1030 4264 earlier
1047 4211 1110 4264 than
1126 4212 1181 4264 that
1194 4211 1312 4280 assigned
1326 4220 1353 4263 to

304 4279 380 4329 1165.
408 4276 563 4398 Accordiny,
576 4278 709 4344 therefore,
722 4289 749 4332 to
758 4280 803 4333 the
854 4281 875 4333 it
894 4281 929 4351 by
943 4281 1078 4346 Wban0n‚
1092 4284 1160 4351 Aug.
1174 4283 1231 4335 Sao.
1245 4282 1272 4335 ii.
1294 4283 1355 4336 374.

302 4354 477 4415 computatlon
489 4363 516 4397 111
529 4357 539 4397 1
559 4364 573 4398 e
592 4357 656 4412 text,
671 4349 804 4401 11411111
