3000 5040
240 418 302 479 120
549 416 730 483 nmnnnus
754 431 980 482 cnnnnnusm

237 582 358 659 habita,
375 583 547 646 terminum
563 584 667 668 primo
681 592 849 660 statutum,
866 583 1007 646 animosa
1020 577 1212 653 constantia,
1227 597 1292 638 non

240 681 410 768 praeteriit.

560 875 562 878 ’
651 877 732 943 Cnr.
749 877 849 944 XVI.

248 1029 278 1091 V
275 1030 333 1092 isio
348 1051 440 1113 quom
454 1050 548 1111 super
561 1029 663 1091 crucis
677 1031 798 1114 nepotio
809 1029 890 1092 cidit
904 1028 960 1094 iiic
969 1031 1022 1115 qni
1036 1031 1165 1114 scripsit
1178 1029 1251 1105 hnc,
1267 1036 1298 1089 et

613 1132 741 1193 visionis
756 1133 931 1214 expositio.¹

289 1289 394 1354 Unnn
425 1299 459 1353 et
483 1289 647 1368 visionem,
673 1313 770 1374 quam
797 1291 895 1374 'super
923 1290 984 1354 hac
1011 1290 1165 1374 temporis
1197 1287 1299 1351 nostri

244 1392 370 1459 miseria
393 1402 426 1454 et
441 1391 543 1454 crucis
559 1391 678 1455 Christi
700 1391 895 1454 contumelia
917 1391 996 1454 mihi
1018 1391 1204 1467 miserrimo,
1220 1389 1299 1452 mihi

244 1493 388 1569 minimo,
412 1500 574 1556 ettamen
597 1516 615 1555 a
644 1492 786 1557 Domino
808 1492 842 1556 in
865 1493 925 1556 hac
945 1493 1216 1557 visione.visitato
1239 1491 1299 1554 Ille

246 1595 406 1672 revelavit,
423 1594 479 1678 qui
501 1594 664 1657 interdum
682 1617 756 1678 quae
779 1595 947 1659 abscondit
965 1617 983 1657 a
998 1595 1199 1679 sapientibus
1212 1616 1301 1658 reve·

246 1696 324 1760 lavit
351 1696 502 1780 parvulis,
531 1695 584 1758 hic
613 1696 776 1759 evidenter
805 1697 949 1759 evolvere
983 1708 1104 1781 praeter
1129 1719 1199 1760 rem
1234 1719 1300 1759 non

247 1797 370 1882 putavi.
429 1796 469 1859 In
506 1797 562 1860 illa
598 1797 699 1878 igitur
734 1797 886 1860 intestina
919 1810 953 1862 et
989 1799 1172 1862 detestabili
1205 1797 1302 1860 nimis

249 1898 430 1981 Anglorum
457 1897 558 1980 Regis
583 1909 617 1960 et
641 1897 775 1961 Comitis
800 1897 996 1964 Pictavensis
1023 1900 1188 1977 discordia,
1214 1899 1301 1982 apud

250 1998 453 2062 Chinonense
490 2008 629 2062 castrum
667 2021 741 2061 cum
780 1999 873 2082 Rege
896 2001 1117 2086 constitutus,
1149 2001 1192 2063 vi.
1228 2000 1301 2062 idus

251 2100 345 2177 Maii,
361 2111 455 2164 nocte
477 2101 511 2163 in
533 2100 662 2176 somnis,
678 2111 712 2164 et
731 2102 834 2165 noctis
856 2103 934 2165 hora
949 2103 1041 2186 quasi
1061 2102 1143 2166 circa
1160 2102 1302 2187 primum

252 2202 328 2288 galli
347 2212 488 2279 cantum,
503 2202 590 2266 visus
613 2225 684 2265 sum
709 2203 789 2266 mihi
803 2204 911 2267 videre
928 2206 1057 2268 turbam
1081 2204 1247 2268 hominum
1269 2203 1304 2266 in

253 2304 369 2369 caelum
384 2304 577 2381 intuentem,
591 2316 625 2368 et
640 2316 793 2389 tanquam
812 2329 930 2371 novum
947 2306 1071 2390 aliquid
1085 2307 1304 2370 admirantem.

251 2408 392 2472 Elevans
418 2406 519 2490 igitur
543 2407 664 2484 oculos,
691 2418 725 2472 et
747 2408 923 2492 suspiciens
944 2408 1098 2492 quidnam
1125 2420 1220 2484 esset,
1239 2406 1306 2470 vidi

253 2509 339 2572 intra
374 2508 512 2572 nubium
540 2509 740 2592 quarundam
781 2510 970 2574 densitatem
1005 2509 1188 2595 clarissimae
1226 2508 1309 2572 lucis

254 2610 465 2694 splendorem
524 2610 571 2673 Et
599 2610 706 2674 statim
736 2612 890 2696 separatis
918 2613 958 2676 ab
986 2611 1123 2675 invicem
1154 2611 1307 2686 nubibus,

256 2726 409 2796 tanquam
437 2711 589 2774 inferiore
616 2711 677 2775 hoc
706 2713 786 2776 caelo
813 2713 935 2777 ibidem
964 2737 1007 2778 ex
1034 2726 1126 2798 parte
1159 2724 1308 2788 reserato,

256 2815 422 2878 oculorum
450 2814 517 2877 acie
540 2836 599 2897 per
623 2813 795 2878 fenestram
823 2815 911 2878 illam
939 2816 980 2879 ad
1002 2817 1180 2901 empireum
1206 2837 1309 2898 usque

257 2918 542 2999 transpenetrante,
564 2916 598 2978 in
620 2916 828 2980 multitudine
851 2917 964 2994 multa,
984 2918 1074 2980 curia
1098 2917 1153 2981 illa
1175 2917 1311 2980 caelestis

255 3016 418 3102 apparuit,
440 3017 608 3080 intentatis
630 3018 663 3083 ei
689 3019 833 3102 undique
859 3041 1019 3082 armorum
1042 3020 1186 3082 omnium
1215 3040 1312 3101 gene·

258 3119 358 3195 ribus,
382 3117 417 3180 in
438 3118 650 3203 direptionem
670 3119 754 3196 data,
778 3130 812 3181 et
834 3130 987 3202 tanquam
1008 3119 1155 3190 hostibus
1171 3120 1213 3182 ad
1229 3141 1313 3182 mac-

260 3219 392 3283 tandum
408 3220 565 3303 exposita.
610 3218 730 3284 Videas
747 3219 822 3282 huic
839 3218 945 3301 gladio
960 3229 1067 3302 caput,
1082 3219 1131 3283 illi
1145 3219 1312 3282 brachium

261 3322 440 3406 amputari;
477 3321 548 3384 illos
583 3320 708 3402 sagittis
742 3320 867 3383 eminus
899 3321 986 3405 peti3
1024 3319 1097 3382 illos
1133 3319 1251 3383 lanceis
1280 3333 1314 3383 et

258 3423 374 3506 gladiis
395 3423 558 3499 cominus3
578 3421 650 3484 illos
672 3421 743 3484 sicis
763 3422 1021 3506 transpenetrari.
1066 3422 1205 3486 Etcum
1226 3421 1314 3485 intu-

262 3526 386 3590 entium
407 3517 513 3600 multi,
530 3522 581 3586 vel
602 3533 734 3606 propter
757 3523 917 3608 fulgorem
938 3524 1084 3602 nimium,
1106 3523 1158 3588 vel
1182 3535 1315 3608 propter

257 3651 369 3692 rerum
383 3627 521 3688 visarum
540 3646 596 3687 seu
612 3635 777 3703 terrorem,
793 3648 850 3689 seu
871 3627 1039 3711 pietatem,
1053 3625 1147 3710 proni
1165 3625 1200 3688 in
1218 3624 1316 3688 facies

262 3752 337 3793 suas
356 3726 554 3804 cecidissent,
570 3725 611 3789 ad
630 3725 757 3790 exitum
773 3726 821 3789 rei
842 3727 1026 3804 videndum,
1041 3727 1128 3790 visus
1146 3747 1218 3788 sum
1235 3725 1317 3788 mihi

264 3828 391 3914 singula
415 3829 510 3912 longe
524 3828 658 3892 vdiutius
680 3829 751 3892 aliis
776 3839 810 3892 et
833 3828 1020 3912 diligentius
1046 3827 1177 3891 intueri.
1223 3827 1317 3890 Com-

264 3933 352 4017 pleta
384 3931 485 4016 igitur
515 3931 549 3994 in
585 3931 672 3996 brevi
709 3931 801 4015 quasi
838 3930 877 3994 de
909 3929 980 3994 aliis
1015 3929 1148 3994 victoria
1183 3929 1318 4006 cunctis,

263 4035 441 4118 principem
473 4033 580 4120 ipsum
610 4033 737 4098 militiae
769 4031 918 4108 caelestis,
955 4043 1107 4116 tanquam
1141 4032 1176 4094 in
1211 4031 1319 4094 medio

264 4157 394 4198 suorum
418 4145 451 4199 et
476 4137 641 4220 majestate
670 4133 845 4208 sedentem,
869 4131 954 4195 sicut
975 4133 1107 4218 depingi
1136 4133 1229 4209 solet,
1253 4154 1320 4195 car-

582 4268 588 4297 ¹
609 4267 657 4318 See
669 4265 724 4321 also
738 4264 801 4317 Hib.
815 4235 919 4336 Expug.
933 4264 996 4317 ibid.
1029 4316 1031 4320 ,
