3000 5040
277 458 340 520 188
571 473 752 524 erasinus
776 475 1004 527 csnnnsusn
1096 527 1100 532 ,
1222 459 1336 553 [nuru0¹

679 720 681 725 ⁴
758 759 834 825 11.

708 915 760 976 De
771 911 894 976 Scottis.¹

113 1089 263 1141 osannae
319 1065 490 1131 Quournn
507 1076 615 1129 autem
627 1065 666 1128 de
682 1063 782 1129 Pictis
796 1074 832 1127 et
847 1063 952 1127 Scotis
966 1064 1052 1129 facta
1066 1076 1116 1131 est
1129 1067 1182 1131 hic
1196 1067 1329 1146 mentio,

113 1141 169 1180 Picto
177 1140 220 1179 and

112 1193 180 1230 stote.

275 1189 349 1251 quae
370 1178 483 1250 gentes
505 1179 539 1231 et
555 1166 675 1251 quibus
696 1189 738 1230 ex
752 1166 909 1251 partibus,
931 1167 1088 1249 quibusve
1109 1168 1149 1231 de
1175 1169 1278 1233 causis
1297 1171 1335 1233 in·

275 1266 475 1332 Britanniam
503 1269 644 1332 advectae
676 1277 762 1344 sunt,
792 1267 875 1330 sicut
903 1289 945 1329 ex
979 1269 1110 1333 diversis
1144 1270 1331 1355 collegimus

273 1371 427 1447 historiis,
443 1370 494 1432 hic
510 1369 760 1454 explanandum,
776 1378 900 1455 praeter
913 1392 981 1432 rem
996 1393 1060 1433 non
1075 1371 1270 1455 putavimus.

317 1473 426 1535 Pictos
439 1472 549 1554 itaque
565 1493 645 1555 quos
661 1481 694 1533 et
709 1469 877 1553 Agatirsos
892 1470 1052 1556 Virgilius
1066 1482 1169 1548 vocat,
1196 1472 1330 1536 Scitioas

273 1575 399 1638 circiter
420 1573 553 1658 paludes
580 1571 796 1635 habitationes
817 1573 977 1649 habuisse,
1004 1573 1151 1637 referunt
1176 1574 1330 1639 historiae.

274 1677 326 1740 De
356 1677 475 1760 quibus
505 1686 539 1738 et
568 1674 699 1738 Servius
728 1697 824 1759 super
851 1676 1027 1759 Virgilium
1053 1687 1272 1741 commentans
1299 1688 1333 1741 et

272 1779 358 1842 hunc
372 1779 479 1841 locum
493 1798 670 1861 exponens
686 1798 728 1838 sc.
741 1781 762 1811 “
773 1777 882 1839 Pictos
896 1777 1093 1860 Aquinus?
1108 1777 1173 1857 ait;
1190 1778 1332 1842 “Pictos

273 1881 401 1943 eosdem
424 1902 505 1962 quos
527 1890 561 1942 et
582 1878 752 1961 Agatirsos
776 1878 985 1965 appellamus.
1011 1888 1046 1942 et
1069 1878 1221 1942 dicuntur
1244 1879 1330 1944 Picti

274 1981 367 2064 quasi
391 1981 612 2064 stigmatizati,
643 1980 720 2064 quia
747 1980 938 2063 stigmatiari
968 1990 1007 2044 et.
1030 1981 1200 2044 cauteriari
1225 1981 1330 2053 solent

271 2092 407 2167 propter
421 2082 651 2145 abundantiam
664 2081 835 2145 fleumatis.
880 2081 927 2145 Et
951 2091 1027 2145 sunt
1049 2081 1084 2145 hi
1098 2069 1329 2166 populiiidem

274 2183 332 2267 qui
357 2193 391 2246 et
417 2182 531 2248 Gothi.
588 2182 752 2249 Quoniam
774 2182 890 2266 utique
912 2183 971 2246 ubi
986 2205 1039 2262 ex
1061 2183 1181 2246 crebris
1199 2182 1330 2266 stigma-

273 2285 360 2347 tibus
372 2283 534 2348 cicatrices
549 2281 765 2359 obducuntur,
781 2305 914 2368 corpora
924 2283 1015 2367 quasi
1029 2283 1118 2368 picta
1130 2285 1329 2362 redduntur;

274 2408 317 2449 ex
332 2385 481 2449 cauteriis
494 2383 680 2470 hujusmodi
703 2383 736 2446 in
752 2383 914 2448 cicatrices
929 2384 1077 2448 obductis
1092 2385 1182 2448 Picti
1197 2404 1330 2469 quoque·
1414 2437 1418 2443 ,

274 2498 350 2551 sunt
363 2485 498 2551 vocati.”
1161 2486 1169 2502 ‘

318 2589 401 2652 Cum
417 2612 493 2672 ergo
508 2588 676 2651 Maximus
699 2586 754 2650 ille
770 2598 926 2672 tyrannus
941 2588 981 2651 de
997 2587 1166 2651 Britannia
1178 2587 1213 2650 in
1228 2584 1328 2652 Fran-

272 2692 364 2768 ciam‚
387 2713 461 2753 cum
475 2690 589 2754 robore
610 2689 752 2752 virorum
774 2712 810 2752 ac
832 2689 949 2752 virium
971 2711 1096 2752 necnon
1118 2699 1153 2753 et
1166 2711 1327 2752 armorum

272 2794 388 2857 insulae
403 2803 483 2871 τοῖο,
498 2792 539 2856 ad
554 2792 776 2876 occupandum
791 2791 963 2875 imperium
985 2801 1183 2855 transvectus
1200 2790 1325 2870 fuisset,

273 2893 447 2960 Gratianus
473 2905 506 2958 et
532 2893 780 2960 Valentinianus
807 2893 922 2957 fratres
952 2902 986 2956 et
1012 2902 1172 2956 consortes
1198 2893 1326 2976 imperii

271 3008 400 3082 gentem
414 2997 497 3060 hanc
507 2996 667 3073 Goticam,
677 2995 775 3059 rebus
789 2983 824 3057 in
833 2993 958 3057 bellicis
969 2993 1086 3058 fortem
1100 3017 1136 3058 ac
1151 3003 1325 3071 strenuam,

271 3098 333 3161 sibi
357 3118 487 3182 qnoque
510 3097 561 3160 vel
587 3097 824 3160 confederatam
846 3095 897 3158 vel
922 3096 1111 3180 subjectam,
1137 3105 1171 3158 et
1194 3085 1329 3180 imperi-

271 3199 376 3262 alibus
414 3208 479 3261 tam
507 3197 682 3274 beneficiis,
716 3219 735 3258 a
772 3195 882 3260 Scitiae
912 3196 1031 3259 finibus
1059 3196 1094 3258 in
1122 3196 1324 3280 aquilonares

271 3298 449 3364 Britanniae
476 3307 584 3382 partes
613 3297 653 3360 ad
681 3295 832 3360 Britones
856 3295 1075 3360 infestandum
1095 3300 1130 3360 et
1152 3306 1325 3380 tyrannum

271 3423 344 3466 cum
354 3401 527 3486 juventute
549 3399 639 3482 regni
660 3407 728 3461 tota
743 3420 840 3482 quarn
862 3396 1042 3461 abduxerat
1056 3419 1121 3460 non
1142 3397 1327 3462 rediturum

270 3526 326 3567 seu
340 3503 563 3579 revocandum,
578 3500 704 3583 navigio
720 3499 973 3563 transmiserunt.
1326 3501 1328 3505 ’

314 3604 368 3669 Illi
382 3627 457 3667 vero
472 3613 579 3667 tamen
599 3601 751 3685 quoniam
774 3593 883 3664 innata
907 3599 1092 3664 Gothorum
1110 3598 1326 3664 bellicositate·

268 3705 423 3793 pervalidi
440 3702 598 3780 inerunt,
627 3712 734 3766 tamen
769 3713 803 3766 et
832 3702 983 3786 quoniam
1006 3701 1154 3778 insulam,
1183 3701 1258 3764 viris
1287 3723 1323 3765 ae

268 3801 401 3885 viribus,
416 3815 455 3870 ut
474 3805 627 3881 diximus,
650 3824 782 3866 vacuam
795 3803 998 3878 invenerunt,
1013 3801 1156 3866 boreales
1179 3802 1323 3886 ejusdem

268 3921 375 3996 partes
390 3930 426 3972 ac
448 3904 626 3991 provincias
648 3925 714 3966 non
728 3904 870 3970 modicas
892 3903 933 3967 ad
955 3925 1045 3967 suam
1066 3925 1133 3966 non
1154 3903 1330 3995 reversurig

269 4013 391 4097 quippe
414 4010 454 4072 de
483 4006 690 4093 praedonibus
723 4005 852 4068 demum
882 4005 999 4068 accolae
1028 4005 1116 4083 facti,
1155 4015 1328 4089 usurpatas

269 4119 477 4198 occuparunt.

722 4264 731 4298 ¹
749 4264 767 4318 r.
780 4267 822 4332 se,
835 4264 861 4318 b.
