3000 5040
424 480 474 530 1111
499 481 763 535 rusrnucrroun
789 487 1001 541 ralucuuu.
1180 484 1243 546 143

230 627 315 694 Item
339 640 372 694 et
393 631 454 696 hoc
480 656 610 718 quoque
635 636 784 700 notabile,
800 640 921 716 censui,
946 641 1085 724 qualiter
1105 645 1240 729 spiritus

184 731 278 813 pueri
296 733 436 816 junioris
458 735 602 819 ejusdem
624 737 795 810 suscitatus
821 739 969 804 iteruma
983 742 1125 809 Domino
1140 747 1241 813 fuerit

183 833 219 897 in
253 835 339 900 hunc
368 840 509 904 modum.
570 838 611 903 In
644 842 805 927 colloquio
839 845 978 928 quodam
1011 847 1098 912 inter
1137 851 1240 918 dictos

184 935 292 1020 Reges
320 960 421 1024 prope
451 940 633 1005 Gisortium
659 942 780 1021 habito,
804 945 861 1008 ubi
890 955 967 1011 tunc
995 971 1136 1033 praesens
1165 977 1239 1018 cum

182 1049 274 1123 patre
297 1039 364 1103 fuit
378 1040 550 1127 Philippus
574 1041 727 1108 Lodovici
752 1045 849 1124 filine,
866 1048 958 1130 quasi
984 1060 1062 1114 tunc
1085 1056 1238 1138 temporis

183 1141 351 1205 duodenus
388 1143 540 1220 existens,
569 1166 643 1207 cum
678 1144 811 1228 plurimi
839 1147 1035 1215 Francorum
1070 1155 1237 1220 castellum

182 1243 368 1327 oppositum
395 1245 552 1308 attentius
579 1245 755 1323 intuentes,
784 1248 1058 1331 pulchritudinem
1094 1257 1165 1340 ejus
1202 1268 1236 1321 et

134 1336 136 1340 ’
180 1344 405 1408 fortitudinem
434 1368 538 1430 nuper
563 1347 717 1411 nimirum
744 1349 780 1411 in
807 1350 999 1416 immensum
1031 1354 1171 1435 adaucti,
1201 1371 1234 1424 et

181 1445 284 1510 Pariis
310 1447 436 1532 egregie
464 1447 626 1533 lapidibus
654 1450 811 1534 aereisque
836 1453 979 1517 turribus
1008 1464 1041 1518 et
1069 1458 1177 1522 arduis
1198 1461 1234 1524 in

179 1548 280 1611 altum
304 1549 473 1627 exstructi,
488 1551 591 1615 multa
607 1574 681 1615 cum
701 1553 912 1617 admiratione
931 1555 1109 1634 laudarent,
1125 1560 1232 1627 dictus

177 1673 260 1734 puer
294 1650 329 1714 in
370 1652 536 1716 audientia
571 1674 687 1736 magna
729 1653 853 1718 cunctis
895 1657 1127 1723 admirantibus
1161 1664 1229 1742 ait;

177 1757 200 1787 “
213 1752 416 1816 Structuram
444 1753 588 1837 lapidum
616 1753 746 1817 illorum
773 1756 863 1820 valde
892 1761 1120 1825 commendatis
1133 1762 1162 1841 ;'’
1199 1775 1232 1828 et

175 1856 416 1939 prosequendo;
433 1862 455 1892 “
465 1855 658 1940 perfidem,”
674 1856 793 1939 inquit,
803 1862 825 1892 ‘⁶
835 1881 932 1941 quam
941 1859 1043 1924 debeo
1053 1864 1138 1946 patri
1147 1887 1230 1945 meo,

174 1960 289 2024 vellem
304 1959 391 2042 quod
406 1979 516 2022 omnes
530 1957 652 2042 lapides
666 1957 714 2022 illi
736 1959 879 2042 argentei
893 1961 945 2024 vel
962 1963 1053 2026 aurei
1066 1965 1118 2029 vel
1132 1968 1229 2034 etiam

174 2085 310 2146 gemmae
324 2060 564 2146 pretiosissimae
579 2059 705 2136 forent3
729 2060 807 2124 dum
821 2070 929 2125 tamen
943 2063 978 2126 id
992 2086 1087 2130 nemo
1107 2083 1229 2152 praeter

173 2187 224 2228 me
242 2164 346 2227 solum
360 2163 411 2227 vel
424 2186 483 2247 per
496 2184 549 2225 me
563 2162 669 2239 sciret,
681 2173 738 2226 aut
752 2163 832 2226 scire
846 2166 985 2248 posset.”
1014 2167 1061 2232 Et
1070 2192 1144 2235 cum
1155 2175 1227 2237 uni-

172 2267 255 2329 versi
278 2287 375 2349 super
388 2265 449 2327 hoe
463 2264 557 2348 pueri
569 2265 665 2326 verbo
680 2285 745 2326 non
764 2265 968 2329 mediocriter
982 2269 1225 2352 admirarentur,

172 2367 362 2451 subjunxit:
412 2365 514 2428 “Nec
543 2365 618 2428 inde
646 2364 817 2441 miremini,
845 2368 932 2450 quod
960 2381 1081 2452 quanto
1110 2375 1226 2440 melius

171 2469 334 2554 pretiique
363 2467 493 2553 majoris
521 2466 678 2552 oppidum
705 2466 788 2529 illud
813 2467 978 2547 existeret,
1003 2480 1093 2536 tanto
1120 2477 1225 2541 carius

170 2571 266 2648 idem,
283 2593 356 2634 cum
381 2570 422 2632 ad
441 2590 555 2632 manus
579 2590 665 2632 meas
685 2568 916 2644 devolveretur,
931 2570 1113 2638 haberem.”
1158 2577 1224 2642 Sed

170 2695 243 2736 ecce
259 2682 379 2756 quanta
392 2670 511 2735 fiducia
532 2669 685 2754 principis
709 2669 792 2733 tanti
807 2680 938 2754 tamque
951 2675 1094 2757 potentis
1109 2689 1222 2744 ettam

168 2774 295 2858 optimi,
310 2784 420 2839 contra
433 2795 522 2857 spem
536 2773 680 2835 omnium
698 2771 777 2849 fere,
791 2794 874 2856 puer
886 2772 939 2836 hic
954 2796 1031 2859 opes
1045 2787 1079 2840 et
1101 2783 1223 2866 oppida

168 2877 230 2940 sibi
244 2877 285 2939 ad
292 2898 406 2938 manus
420 2876 615 2960 quandoque
630 2873 834 2950 devolvenda,
850 2874 943 2957 quasi
956 2886 1064 2941 mente
1077 2900 1222 2966 praesaga

167 2987 201 3041 et
215 2979 276 3041 sub
291 2988 378 3041 certa
392 2977 530 3061 quadam
544 2975 798 3061 praesumptione
813 2977 971 3060 sperabat.
1016 3031 1020 3039 .

211 3080 296 3144 Item
317 3089 369 3142 -et
404 3079 465 3142 hoc
502 3078 716 3163 adjiciendum
753 3076 806 3139 hic
846 3077 1044 3143 decrevimus
1085 3084 1224 3148 verbum*

165 3183 319 3266 ejusdem,
334 3182 390 3244 sed
407 3183 474 3266 jam
487 3180 589 3264 Regis
608 3190 642 3243 et
664 3179 777 3255 adulti,
797 3179 958 3264 persimile
979 3182 1089 3265 priori.
1135 3185 1220 3250 Cum

165 3284 307 3347 enimin
331 3305 432 3348 werra
457 3283 513 3346 illa
534 3281 658 3367 grandi,
685 3304 759 3365 quae
784 3280 870 3345 inter
897 3281 1003 3366 ipsum
1029 3295 1062 3348 et
1091 3285 1218 3371 Regem

164 3385 294 3470 Angliae
329 3386 507 3450 Ricardum
533 3393 608 3468 post
636 3382 762 3446 obitum
786 3383 851 3445 fuit
878 3384 1048 3467 utriusque
1077 3398 1216 3469 patrum,

161 3489 292 3551 veniens
317 3488 357 3550 ad
385 3486 550 3550 castellum
580 3484 619 3546 de
648 3484 746 3566 Rupe
775 3482 862 3565 apud
886 3483 1076 3561 Andeleam,
1113 3510 1219 3572 nuper

162 3591 289 3673 egregie
303 3589 394 3652 valde
416 3608 435 3648 a
457 3587 549 3670 Rege
570 3585 709 3648 Ricardo
723 3593 953 3661 constructum,
970 3585 1105 3670 visuque
1130 3611 1217 3671 prae-

161 3692 293 3767 clarum,
318 3688 447 3752 Francis
476 3686 642 3750 castellum
668 3684 872 3748 intuentibus
900 3696 934 3749 et
960 3687 1219 3771 collaudantibus

160 3793 194 3855 in
209 3791 373 3854 audientia
385 3788 517 3874 publica
539 3787 633 3864 dixit,
649 3796 682 3850 et
702 3786 852 3850 assertive
876 3809 1006 3872 quoque
1026 3812 1100 3853 cum
1112 3813 1214 3856 sacra-

159 3903 269 3957 mento
299 3891 479 3978 proposuit,
515 3889 591 3974 quia
619 3887 715 3952 vellet
753 3888 909 3973 oppidum
944 3889 1028 3954 illud
1061 3914 1104 3954 ex
1142 3903 1214 3958 toto.

158 3995 301 4059 ferreum
335 4015 421 4070 esse3
457 3991 625 4076 pristinam
657 3990 697 4052 ad
733 3988 803 4053 haec
833 4012 943 4054 revera
979 3991 1211 4057 Normanniam

158 4095 308 4159 domandi
323 4115 447 4178 suoque
462 4091 603 4156 dominio
615 4090 818 4177 subjugandi,
834 4091 917 4156 sicut
932 4102 965 4155 et
976 4091 1211 4176 Aquitanniam

156 4207 269 4275 totam,
285 4207 318 4261 et
331 4198 390 4261 sub
401 4217 458 4279 spe
473 4195 604 4280 quidem
615 4193 707 4278 quasi
719 4192 902 4270 certissima,
914 4193 1064 4259 fiduciam
1077 4195 1209 4263 habens.

157 4298 258 4362 Porro
287 4323 359 4363 cum
389 4300 522 4376 verbum
550 4296 639 4361 istud
667 4295 707 4358 ad
737 4293 862 4377 Regem
892 4295 1068 4360 Ricardum
1097 4308 1209 4382 postea
