3000 5040
418 486 467 536 nn
492 480 760 536 nvsrnuorrosn
786 487 1002 540 remonuit.
1172 474 1237 544 127

178 635 385 700 transibimus
401 636 567 699 voluntate
590 635 667 706 Dei,
690 634 739 718 [et
760 633 978 697 obtinebimus
1002 643 1102 698 terras
1116 647 1237 702 vestras

177 738 340 802 universas
361 737 554 802 fortitudine
577 736 678 819 Dei.¹]
726 736 811 799 Nam
834 736 859 800 si
882 736 1045 814 veniretis,
1069 760 1143 801 cum
1165 749 1235 804 toto

178 862 270 924 posse
285 851 392 904 vestro
407 839 553 917 venietis,
570 848 604 902 et
625 848 801 924 praesentes
821 837 911 902 eritis
934 860 1006 902 curn
1030 840 1117 902 omni
1138 853 1235 924 gente

177 952 291 1020 vestra,
308 942 472 1006 etscimus
488 942 576 1025 quod
594 941 629 1004 in
644 952 729 1005 terra
742 950 847 1004 vestra
860 941 969 1003 nullus
983 943 1163 1006 remanebit
1178 944 1235 1027 qui

177 1066 210 1107 se
226 1044 398 1108 defendere
413 1044 525 1128 possit,
541 1066 600 1107 nec
615 1053 732 1106 terram
748 1043 851 1121 tueri;
872 1054 906 1106 et
920 1044 1048 1127 quando
1064 1043 1156 1107 Deus
1170 1046 1236 1110 vic-

176 1145 292 1210 toriam
313 1146 407 1209 nobis
430 1165 488 1209 sua
501 1145 694 1210 fortitudine
709 1145 749 1208 de
763 1144 854 1208 vobis
872 1145 1047 1224 donaverit,
1063 1146 1145 1210 nihil
1167 1170 1234 1211 am-

177 1247 263 1332 phus
275 1247 347 1324 erit,
362 1270 459 1330 quam
470 1255 509 1310 ut
517 1255 617 1310 terras
625 1256 744 1310 vestras
757 1245 858 1309 libere
870 1246 1032 1330 capiamus
1042 1247 1235 1313 fortitudine

176 1371 234 1412 sua
264 1359 298 1412 et
324 1348 501 1412 voluntate.
554 1346 721 1410 Adunatio
749 1346 835 1410 enim
864 1346 944 1430 legis
979 1347 1234 1414 Christianorum

176 1449 227 1513 bis
241 1450 330 1514 venit
344 1472 440 1534 super
458 1471 517 1516 nos
531 1449 566 1512 in
582 1448 758 1532 Babylone,
773 1470 839 1511 una
851 1448 920 1511 vice
939 1450 1026 1533 apud
1040 1449 1234 1516 Damascum

176 1561 210 1616 et
229 1552 330 1615 altera
346 1551 433 1636 apud
448 1549 690 1627 Alexandriam,
707 1561 740 1613 et
760 1559 829 1614 erat
848 1550 1007 1614 maritima
1028 1562 1123 1615 terrae
1138 1552 1160 1615 J
1161 1576 1234 1617 eru-

176 1653 274 1717 salem
302 1653 338 1716 in
365 1675 463 1716 manu
486 1651 751 1728 Christianorum,
778 1661 812 1714 et
846 1651 881 1714 in
909 1662 994 1714 terra
1021 1653 1170 1717 Damasci
1199 1663 1233 1718 et

174 1755 209 1818 in
224 1765 309 1819 terra
332 1755 577 1818 Sarracenorum
593 1762 627 1816 et
642 1753 677 1816 in
699 1752 833 1837 singulis
848 1753 984 1816 castellis
1006 1753 1125 1839 singuli
1140 1767 1233 1820 erant

176 1856 298 1920 domini
317 1857 379 1920 sibi
398 1855 612 1940 proficientes.
658 1855 771 1919 Nostis
793 1854 933 1939 qualiter
948 1855 1121 1919 Christiani
1143 1869 1232 1922 utra·

175 1981 239 2042 que
253 1959 322 2022 vice
344 1958 520 2033 redierunt,
536 1965 570 2020 et
592 1956 633 2020 ad
647 1955 776 2040 qualem
798 1956 926 2019 exitum
940 1970 1108 2036 venerunt,
1124 1968 1157 2022 et
1178 1959 1230 2022 hae

174 2072 294 2124 nostrae
319 2072 431 2145 gentes
453 2059 581 2124 refertae
605 2069 681 2122 sunt
696 2081 770 2122 cum
792 2058 978 2142 regionibus
999 2060 1076 2136 suis,
1092 2069 1126 2123 et
1140 2059 1231 2124 Deus

174 2162 327 2226 adunavit
358 2163 451 2227 nobis
483 2162 631 2245 regiones
668 2160 864 2236 affluentius,
895 2171 929 2223 et
957 2163 1149 2226 coadunavit
1177 2185 1231 2225 eas

172 2263 268 2347 longe
296 2264 427 2348 lateque
458 2264 492 2326 in
519 2271 680 2346 potestate
708 2271 827 2339 nostra,
855 2271 888 2324 et
915 2262 1127 2345 Babyloniam
1156 2286 1229 2326 cum

172 2365 388 2449 pertinentiis,
404 2375 438 2428 et
459 2374 576 2427 terram
598 2362 759 2438 Damasci,
773 2371 807 2425 et
828 2361 1020 2424 maritimam
1039 2363 1229 2440 Jerusalem,

173 2477 207 2529 et
226 2475 344 2528 terram
363 2465 501 2542 Gesirae,
517 2475 551 2528 et
570 2463 700 2527 castella
719 2486 788 2540 sua,
804 2472 838 2527 et
852 2474 970 2527 terram
993 2463 1124 2528 Roasiae
1141 2465 1229 2550 [cum

171 2568 387 2652 pertinentiis,
394 2577 428 2630 et
435 2566 599 2651 regionem
608 2563 740 2650 Indiae1]
752 2587 826 2628 cum
834 2565 1038 2649 pertinentiis
1047 2567 1123 2645 suis,
1130 2579 1164 2632 et
1171 2590 1231 2652 per

172 2670 308 2753 gratiam
322 2669 386 2732 Dei
401 2669 462 2731 hoc
478 2677 583 2731 totum
604 2666 638 2729 in
657 2667 806 2730 manibus
820 2667 937 2733 nostris
952 2687 1001 2732 est
1017 2678 1051 2732 et
1064 2669 1230 2733 residuum

172 2793 309 2854 regnum
339 2770 586 2833 Sarracenorum
622 2777 732 2831 nostro
760 2778 853 2852 paret
880 2767 1026 2853 imperio.
1086 2769 1173 2834 Nam
1202 2771 1229 2834 si

171 2872 393 2936 mandaremus
412 2868 689 2934 excellentissimis
709 2869 857 2954 Regibus
881 2869 1138 2950 Sarracenorum,
1162 2895 1229 2936 non

170 2973 371 3036 retraherent
397 2995 430 3036 se
457 2996 476 3036 a
502 2971 607 3049 nobis,
632 2981 666 3034 et
695 2971 722 3034 si
751 2994 1025 3036 summoneremus
1049 2973 1229 3058 Calephum

171 3074 211 3137 de
233 3074 386 3151 Baldach,
404 3096 501 3158 quem
523 3073 615 3137 Deus
641 3073 751 3151 salvet,
765 3074 914 3137 veniendi
927 3074 980 3136 ad
1005 3096 1064 3137 nos
1084 3075 1135 3138 de·
1154 3076 1228 3140 sede

171 3176 289 3239 excelsi
300 3175 428 3261 imperii
439 3185 619 3260 assurgeret
630 3184 664 3238 et
672 3175 797 3240 veniret
808 3176 842 3238 in
853 3175 1012 3239 auxilium
1025 3177 1227 3241 excellentiae

171 3287 301 3356 nostrae,
323 3288 356 3341 et
371 3301 430 3342 nos
445 3277 646 3342 obtinuimus
668 3299 726 3361 per
740 3277 894 3340 virtutem
914 3277 979 3340 Dei
995 3287 1028 3340 et
1049 3280 1228 3362 potentiam

170 3378 349 3442 Jerusalem
358 3390 391 3443 et
406 3390 524 3442 terram
533 3381 603 3463 ejus
616 3403 624 3456 3
642 3390 676 3442 et
690 3388 856 3442 remanent
867 3377 1028 3461 [adhuc'in
1044 3380 1192 3443 manibus
1202 3381 1226 3464 ¹]

173 3479 427 3544 Christianorum
447 3491 513 3543 tres
528 3479 683 3555 civitates,
700 3480 817 3562 Tyrus,
835 3479 976 3561 Tripolis
993 3489 1027 3542 et
1042 3479 1228 3558 Antiochia,

171 3594 204 3646 et
229 3583 268 3646 de
297 3584 347 3646 his
373 3606 438 3646 non
468 3595 517 3647 est
542 3583 630 3645 aliud
659 3581 722 3643 nisi
751 3590 789 3643 ut
818 3590 1026 3665 occupentur.
1072 3580 1229 3645 Attamen

170 3684 197 3746 si
208 3683 330 3746 bellum
340 3683 449 3761 vultis,
462 3693 496 3748 et
508 3684 534 3747 si
547 3684 638 3746 Deus
649 3681 798 3757 voluerit,
808 3691 847 3744 ut
858 3703 916 3766 per
927 3681 1126 3746 voluntatem
1138 3705 1229 3746 suam
1312 3715 1314 3720 v

170 3785 212 3848 sit
234 3785 321 3868 quod
344 3794 444 3847 totam
462 3794 580 3847 terram
603 3783 859 3847 Christianorum
884 3782 1098 3866 acquiremus,
1121 3785 1230 3848 obvie-

169 3887 276 3949 bimus
285 3908 343 3970 per
352 3885 505 3949 virtutem
515 3879 590 3963 Dei,
603 3885 688 3948 sicut
698 3883 911 3968 scriptumest
925 3885 959 3946 in
974 3884 1091 3948 litteris
1100 3886 1232 3949 nostris.-

173 3989 294 4054 Verum
328 3989 357 4052 si
392 4010 450 4050 nos
479 3988 518 4050 de
552 3987 638 4050 bono
666 3985 754 4071 pacis
784 3986 1008 4069 requisieritiS,
1036 3987 1229 4051 mandabitis

170 4089 430 4176 procuratoribus
458 4089 595 4152 istorum
622 4088 721 4151 trium
749 4087 893 4151 locorum
921 4087 1163 4172 praedictorum,
1190 4101 1228 4155 ut

169 4193 262 4255 nobis
296 4215 333 4255 ea
361 4191 429 4254 sine
452 4189 703 4254 contradictione
736 4189 908 4273 assignent,
939 4201 973 4254 et
1001 4212 1059 4254 nos
1086 4202 1224 4255 sanctam

624 4322 630 4351 ¹
651 4323 711 4375 Om.
725 4322 783 4376 MS.
