3000 5040
141 433 145 440 ’
251 457 293 517 58
554 469 745 520 uncrinus
770 469 998 521 alamannam

249 619 444 704 quibusdam
462 619 605 704 personis
619 618 691 682 aliis
712 617 899 682 habuissent
913 620 953 682 de
968 641 1046 702 pace
1068 619 1153 682 inter
1173 622 1310 705 praedic-

249 730 321 784 tum
353 720 479 804 Regem
513 731 547 783 et
580 718 739 783 Comitem
777 719 980 783 reformanda
1015 729 1198 800 tractatum,
1233 746 1309 787 con-

248 821 324 904 tigit
347 821 434 905 ipsos
460 821 572 884 audire
599 820 723 884 Turcos
747 821 781 884 in
806 843 903 883 manu
924 820 1029 884 valida
1052 820 1307 887 Christianorum

247 921 327 984 fines
352 921 506 1000 intrasse3
541 931 575 985 et
599 921 676 985 licet
700 921 829 984 nonnisi
847 931 980 987 centum
1002 932 1035 985 et
1054 922 1163 986 decem
1187 924 1307 988 milites

248 1043 357 1086 secum
373 1023 548 1101 haberent,
575 1023 645 1087 zelo
669 1033 776 1087 tamen
804 1021 1055 1087 Christianitatis
1081 1025 1203 1089 accensi
1232 1048 1306 1089 cum

248 1145 308 1187 sex
328 1123 475 1189 millibus
490 1125 690 1188 Turcorum¹
705 1133 941 1208 pugnaverunt.
986 1125 1032 1188 Et
1053 1125 1192 1203 tandem,
1207 1136 1307 1211 prout

248 1225 391 1291 Domino
432 1225 566 1310 placuit,
609 1225 784 1310 praedictus
832 1225 991 1310 Magister
1011 1256 1013 1260 v
1036 1224 1228 1310 Hospitalis,
1272 1237 1306 1289 et

239 1327 347 1392 :freter
387 1327 556 1393 Robertus
599 1327 767 1392 Frenellus
812 1327 1044 1391 Mareschallus
1086 1326 1225 1411 Templi,
1257 1339 1305 1392 'et

247 1429 346 1494 irater
370 1429 572 1514 Jaquelinus,
596 1451 672 1494 cum
693 1429 930 1514 quinquaginta
950 1429 1119 1505 militibus,
1140 1439 1174 1493 et
1195 1429 1304 1493 decem

246 1531 461 1596 servientibus
485 1530 623 1616 Templi,
651 1541 772 1616 praeter
799 1529 889 1607 alios,
916 1529 1037 1594 animas
1064 1552 1138 1593 suas
1161 1529 1304 1595 Domino

245 1633 474 1696 reddiderunt:
509 1642 543 1696 et
568 1633 701 1715 quidam
727 1632 824 1696 etiarn
840 1631 918 1695 rivi
939 1632 975 1694 in
992 1631 1150 1716 captione
1181 1631 1305 1696 Turco-

245 1757 319 1798 rum
331 1743 420 1811 sunt,
437 1734 525 1817 quod
539 1755 613 1798 sane
624 1737 638 1796 ,⁹
650 1733 754 1797 multa
767 1733 982 1796 amaritudine
995 1733 1098 1823 cordis
1113 1734 1304 1804 audivimus,

245 1835 402 1900 abducti.3
457 1833 553 1898 Unde
576 1833 662 1917 quia*
674 1833 849 1918 praedictus
876 1834 1034 1916 Magister
1057 1834 1197 1919 Templi,
1219 1857 1304 1918 prae-

246 1947 297 2000 ter
312 1956 520 2020 personarum
538 1937 708 2020 jacturam,
723 1935 908 2019 gravissima
915 1957 1079 2018 ¹equorum
1095 1945 1128 1999 et
1142 1957 1303 1999 armorum

246 2039 361 2103 damna
382 2037 417 2100 in
434 2037 506 2121 ipso
520 2036 673 2100 conflictu
692 2059 726 2099 se
740 2036 912 2120 pertulisse
928 2036 1101 2121 proponit3
1125 2046 1159 2100 et
1172 2046 1302 2119 gentem

245 2138 401 2203 nefariam
419 2126 618 2222 paganorum
633 2138 674 2200 ad
694 2137 971 2221 impugnationem
993 2137 1191 2222 praescriptae
1208 2147 1302 2202 terrae

245 2239 362 2305 fortius
375 2239 481 2317 solito,
494 2240 592 2323 juxta
605 2238 808 2324 propositum
819 2261 896 2302 suae
906 2237 1103 2322 iniquitatis,
1119 2261 1280 2303 accensam
1293 2263 1301 2303 ε

244 2364 303 2405 nos
325 2341 445 2425 quibus
466 2341 614 2405 imminet
633 2340 857 2425 principaliter
878 2350 912 2404 et
933 2340 1098 2425 praecipue
1116 2341 1156 2404 de
1178 2363 1304 2405 conser-

246 2442 372 2507 vatione
397 2442 486 2506 illius
508 2452 603 2507 terrae
627 2442 866 2507 solicitudinem
888 2464 1009 2525 gerere,
1022 2441 1165 2506 volentes
1187 2465 1240 2505 eos
1262 2444 1303 2506 ad

246 2543 464 2607 defensionem
492 2546 563 2630 ejus
591 2545 725 2608 reddere
752 2544 929 2630 proniores,
958 2564 1127 2607 monemus
1154 2543 1303 2607 fraterni-

245 2654 345 2710 tatem
373 2653 521 2722 vestram,
550 2647 736 2710 mandamus
770 2657 868 2730 atque
901 2645 1120 2730 praecipimus‚
1144 2655 1303 2728 quatenus

244 2745 405 2831 principes
433 2755 467 2810 et
493 2746 628 2811 barones
657 2758 691 2811 et
718 2747 829 2811 fideles
858 2747 937 2811 alios
966 2746 1085 2810 crebris
1113 2747 1244 2809 monitis
1270 2757 1303 2810 et

245 2847 525 2911 exhortationibus
551 2848 722 2924 inducatis,
759 2859 793 2912 et
825 2849 1003 2933 injungatis
1040 2848 1086 2911 eis
1121 2848 1157 2911 in
1192 2848 1303 2912 reinis-

243 2948 367 3011 sionem
387 2957 649 3031 peccatorum,ut
664 2948 900 3012 christianitati
921 2949 989 3031 jam
1009 2949 1105 3012 dictae
1124 2958 1221 3012 terrae
1242 2972 1302 3033 pro

246 3049 318 3112 Deo
340 3058 374 3112 et
395 3048 499 3112 salute
521 3070 580 3112 sua
601 3049 729 3132 potenti
750 3071 848 3112 manu
870 3059 1068 3126 succurrant,
1092 3059 1126 3112 et
1147 3049 1300 3113 fratribus

244 3149 370 3212 militiae
399 3148 537 3232 Templi,
561 3148 597 3212 in
625 3149 718 3232 equis
740 3158 775 3212 et
801 3149 909 3226 armis,
928 3150 1047 3232 quibus
1070 3160 1188 3214 terram
1212 3151 1301 3213 illam

244 3249 360 3313 melius
374 3248 546 3313 defendere
560 3250 697 3327 valeant,
712 3272 777 3313 non
793 3249 944 3314 differant
956 3251 1203 3315 misericorditer
1225 3253 1301 3314 sub-

244 3351 370 3428 venire;
393 3359 427 3413 et
441 3371 511 3413 eam
533 3350 701 3434 superbis
724 3351 961 3416 solicitudinem
984 3351 1139 3430 habeatis,
1156 3353 1243 3436 quod
1265 3354 1299 3416 in

246 3451 351 3536 operis
365 3451 505 3514 efficacia
518 3453 746 3535 comprobetur
761 3477 770 3530 3
794 3462 827 3516 et
852 3453 993 3537 populus
1006 3453 1100 3517 nobis
1115 3454 1299 3516 commissus

246 3553 285 3616 de
294 3552 458 3637 suffragiis
473 3575 547 3636 quae
562 3553 760 3639 praescriptae
775 3563 871 3618 terrae
881 3564 914 3618 et
923 3554 1076 3618 fratribus
1089 3554 1168 3640 ipsis
1175 3554 1300 3639 impen-

245 3654 361 3730 derint,
377 3664 411 3717 et
423 3676 479 3718 vos
494 3654 533 3717 de
543 3656 641 3718 verbo
653 3654 887 3719 exhortationis
899 3665 1018 3719 nostrae
1027 3655 1162 3740 praemia
1172 3656 1299 3740 possitis

244 3755 397 3840 consequi
410 3753 615 3840 sempiterna,
660 3755 738 3820 Dat.
754 3756 907 3833 Veronae,
923 3776 974 3820 111.
992 3757 1079 3821 Non.
1097 3755 1284 3842 Septemb.’'

281 3937 288 3966 ¹
311 3937 472 4006 Tianorum,
485 3937 551 4005 Ma,
573 3945 599 3990 et
614 3937 653 3990 sic
668 3938 746 3990 etiarn
796 3937 823 3990 id
835 3954 894 3990 cum
907 3936 1036 4005 Saladinu,
1048 3937 1128 4015 iguino
1139 3938 1225 4008 potius
1238 3955 1297 3990 cum

247 4006 321 4058 infra.
796 4006 909 4058 Roberto
930 4006 962 4058 de
977 4007 1200 4073 *Sancto-Albano,
1220 4007 1297 4058 Tem·

281 4075 377 4155 wine,
398 4075 456 4129 MS.
477 4084 503 4128 et
523 4077 676 4146 captiuorum
700 4093 746 4145 pro
795 4075 1297 4198 Emi}sstffismffllflffiliffgiffsiginui

247 4152 398 4266 roptffino
410 4213 746 4283 1185,commissumfuisse
796 4162 957 4268 adiliolxvii.
970 4182 1089 4285 p.'466.”
1097 4162 1254 4284 rgfiouduet'
