3000 5040
432 542 482 591 1111
506 538 772 591 rrsroucrrour
798 537 1012 590 1111011111.
1202 528 1245 590 95

187 695 361 780 perditioni
387 704 435 758 est
458 694 551 757 data!
597 691 660 756 Vae
687 691 784 754 etiam
813 689 862 752 illi
890 711 948 775 per
973 690 1066 774 cujus
1094 689 1246 756 invidiam

186 798 402 883 postmodum,
417 795 571 859 frustrato
587 793 732 857 fidelium
754 791 931 868 conamine,
946 812 1013 854 non
1035 796 1243 875 recuperata!

187 901 261 979 Vae,
276 901 420 984 inquam,
437 895 636 981 generationi
657 916 826 979 perversae,
848 915 907 979 per
925 915 1022 977 quam
1040 894 1157 956 nostris
1179 895 1246 958 die·

186 1003 247 1067 bus
262 999 408 1064 scandala
423 997 544 1061 mundo
560 1005 649 1060 tanta
662 997 799 1060 venere!
845 995 946 1059 Porro
962 995 1046 1059 sicut
1058 1005 1144 1059 terra
1158 1017 1245 1059 sacra

186 1111 344 1167 retroacto
359 1101 479 1186 pluries
495 1109 649 1183 tempore,
666 1097 772 1161 divina
790 1097 1000 1182 permittente
1011 1097 1150 1180 justitia,
1166 1120 1245 1181 gen-

186 1205 294 1268 tilium
322 1201 540 1267 invasionibus
568 1210 618 1263 est
645 1200 864 1283 prophanata3
892 1198 1097 1284 postmodum
1122 1209 1242 1276 autem,

187 1307 294 1369 divina
318 1305 479 1368 arridente
503 1301 682 1376 clementia,
701 1323 761 1384 per
781 1299 892 1363 fideles
915 1310 1119 1383 recuperata3
1142 1301 1187 1364 sio
1210 1313 1244 1365 et

185 1407 302 1470 nostris
316 1407 441 1470 utinam
456 1402 666 1487 temporibus,
683 1400 763 1478 Qui,
779 1400 917 1484 peccatis
932 1400 1133 1482 urgentibus,
1146 1403 1244 1487 justi-

185 1509 265 1572 tiam
295 1505 452 1583 exercuit,
476 1505 598 1588 pietate
625 1524 689 1586 qua
716 1502 907 1587 praeeminet
932 1511 966 1564 et
994 1501 1243 1566 misericordiam

186 1608 371 1673 exercebit!
419 1605 570 1669 Summus
585 1614 694 1669 autem
707 1603 859 1687 pontifex
873 1602 1052 1687 pervarias,
1068 1603 1166 1666 immo
1175 1603 1243 1667 fere

186 1719 316 1774 cunctas
346 1707 431 1773 orbis
459 1705 633 1769 Christiani
661 1715 779 1789 parter,
801 1727 867 1768 non
895 1704 1037 1768 indebite
1062 1705 1173 1768 fideles
1203 1706 1244 1770 ad

186 1820 281 1874 terrae
311 1831 409 1873 sacrae
438 1807 684 1871 subventionem
713 1806 831 1870 litteris
860 1828 895 1870 ac
924 1807 1051 1870 nunciis
1083 1808 1242 1873 invitavit.

187 1911 282 1975 Unde
306 1921 339 1975 et
367 1910 502 1985 litteras,
527 1931 607 1992 quas
632 1909 667 1971 in
690 1908 842 1991 Angliam
872 1918 950 1972 tunc
979 1907 1160 1988 destinavit,
1189 1910 1242 1973 hic

185 2013 321 2077 insertas
333 2012 435 2076 lector
448 2010 600 2074 inveniet.

634 2213 715 2277 Car.
740 2213 801 2280 IV.

184 2364 316 2429 Litterae
344 2367 509 2429 Clementis
533 2385 628 2450 popoe
651 2365 694 2427 od
717 2365 943 2428 subventionem
958 2366 1143 2448 faciendam
1156 2365 1242 2448 flde-

669 2465 757 2528 libus.

230 2616 414 2680 ‘Cromnos
426 2615 617 2700 Episcopus,
629 2638 736 2679 servus
749 2639 911 2681 servorum
921 2617 996 2694 Dei,
1005 2617 1241 2682 venerabilibus
1254 2641 1290 2682 mr
1290 2642 1378 2684 eorofr
1366 2655 1405 2695 ope

184 2719 338 2782 fratribus
366 2716 548 2780 Cantuariae
575 2717 837 2802 Archiepisoopo,
862 2731 896 2783 et
921 2718 1130 2802 suffraganeis
1159 2720 1240 2803 ejus,
1253 2693 1404 2835 iffi?

184 2819 321 2883 salutem
335 2830 368 2883 et
382 2818 589 2903 apostolicam
603 2818 873 2884 benedictionem.

229 2920 360 2985 ‘Quam
374 2919 476 3004 gravis
490 2930 525 2983 et
541 2920 703 2983 horribilis
717 2921 948 3004 persecutionis
962 2920 1148 2985 calamitas
1139 2943 1173 2984 rn
1189 2919 1242 2984 Ie-

184 3023 409 3086 rosolimitanis
418 3021 575 3106 partibus,
588 3021 806 3085 communium
821 3033 1022 3107 peccatorum
1031 3021 1240 3087 multitudine

184 3124 333 3202 faciente,
348 3145 452 3207 nuper
465 3123 635 3206 ingruerit,
650 3132 721 3187 tum
736 3145 778 3186 ex
795 3124 865 3209 ipsa
879 3120 1046 3188 atrocitate
1060 3125 1138 3188 facti
1153 3125 1242 3208 quod

180 3227 247 3310 jam
262 3226 347 3289 fama
357 3225 607 3310 circumquaque
617 3225 776 3310 dispersit,
789 3236 860 3290 tum
873 3227 971 3291 etiam
984 3227 1027 3290 err
1041 3226 1157 3290 litteris
1167 3249 1241 3310 quae

184 3348 242 3410 per
264 3327 400 3390 diversas
422 3338 530 3411 partes
552 3350 649 3412 super
671 3327 732 3390 hoc
756 3327 844 3391 fuere
868 3327 1072 3407 transmissae,
1087 3328 1242 3392 universi·

184 3436 283 3491 tatem
296 3439 435 3492 vestram
459 3427 639 3510 [censemus
662 3427 741 3511 non]
765 3429 921 3511 ignorare.
968 3428 1109 3494 Interest
1132 3442 1242 3494 autem

60 3574 67 3587 .
183 3529 231 3592 rei
244 3530 385 3613 publicae
396 3529 588 3592 Christianae
604 3539 643 3592 ut
651 3529 691 3591 ad
705 3527 953 3594 subventionem
964 3531 1092 3595 illarum
1100 3531 1241 3614 partium

184 3642 250 3693 tam
264 3633 400 3714 majores
415 3629 618 3694 ecclesiarum
632 3629 770 3713 praelati,
781 3653 879 3713 quam
893 3627 989 3695 etiam
1004 3631 1153 3706 minores,
1168 3631 1254 3710 dili-4

183 3731 273 3815 genti
296 3731 511 3794 sollicitudine
533 3741 641 3815 partes
665 3753 737 3793 suas
754 3731 893 3794 fideliter
915 3733 1094 3817 imponant.
1140 3733 1191 3795 Ne
1214 3732 1240 3794 si

182 3832 267 3895 forte
277 3831 326 3894 illi
337 3841 431 3895 terrae
444 3841 603 3915 oportuna
615 3853 679 3894 non
688 3831 789 3896 fuerit
800 3832 962 3897 celeritate
974 3835 1176 3910 subventum,
1192 3832 1241 3896 Is·

182 3932 293 3997 maelis
312 3932 368 3996 illa
382 3933 504 3996 servilis
523 3956 559 3997 ac
580 3933 750 4017 nephanda
768 3935 948 4019 progenies,
965 3959 1039 4020 quae
1056 3937 1125 4021 jam
1140 3935 1240 4019 coepit

181 4035 215 4098 in
230 4035 350 4098 eisdem
373 4035 520 4118 partibus
540 4035 736 4119 peculiarem
751 4036 963 4100 hereditatem
986 4037 1121 4101 Domini
1139 4036 1240 4100 hosti·

181 4137 256 4200 liter
271 4135 430 4213 demoliri,
445 4136 562 4200 virium
578 4159 707 4200 suarum
721 4136 850 4201 interim
864 4148 1074 4223 augmentum
1088 4149 1238 4216 assumat,

183 4248 216 4301 et
237 4237 271 4300 in
293 4260 351 4300 sua
369 4238 545 4322 praevalens
559 4239 711 4317 vanitate,
728 4248 838 4302 contra
860 4240 966 4304 filium
990 4241 1113 4319 liberae,
1129 4241 1240 4305 videli-

182 4351 233 4402 cet
249 4338 478 4417 Christianum,
494 4340 583 4424 quod
605 4340 698 4417 absit,
716 4340 898 4406 calcaneum
922 4342 1111 4408 insolentius
1127 4343 1239 4427 erigat,
