3000 5040
429 528 478 577 on
503 527 768 579 rusruucuoun
794 527 1012 579 rruuorruu.
1206 509 1249 580 87

187 676 375 759 sanguinem
415 678 449 741 in
487 679 582 763 cipho
619 702 717 743 aureo
753 678 1002 764 propinantem
1040 675 1248 760 incipientem

188 800 318 861 quoque
344 802 363 843 a
385 780 484 865 stirpe
509 793 662 858 materna,
679 782 897 858 Blesensibus,
916 802 959 844 sc.
975 778 1141 844 avunculis
1168 779 1245 859 suis,

187 890 221 942 et
243 880 336 944 Duce
361 882 573 966 Burgundiae,
594 907 653 948 nec
678 907 744 948 nou
770 894 803 948 et
828 893 930 947 matre
953 882 1023 966 ipsa
1044 880 1245 944 Blesensium

187 1003 314 1060 sorore;
341 985 444 1048 etsie
471 1009 530 1070 per
554 985 713 1052 Comitem
738 984 899 1050 Flandriae
924 983 1113 1067 Philippum
1136 1005 1246 1046 eonse-

188 1094 326 1166 quenter
347 1088 552 1164 transeundo,
575 1088 729 1172 poculum
758 1109 863 1170 usque
888 1085 929 1149 ad
950 1084 1133 1168 Anglorum
1156 1084 1246 1146 deni·

187 1207 251 1268 que
280 1186 407 1271 Regem
439 1188 620 1253 Henricum
658 1189 900 1274 producentem.
959 1187 1047 1250 Mira
1086 1185 1246 1269 siquidem

186 1286 277 1364 visio,
307 1290 458 1372 quoniam
486 1290 598 1354 eodem
627 1291 738 1354 ordine
767 1312 833 1373 quo
860 1289 947 1351 visus
978 1299 1027 1351 est
1053 1288 1099 1351 eis
1130 1298 1244 1371 potum

186 1386 279 1450 illum
294 1391 505 1472 sanguineum
519 1392 715 1476 propinasse,
732 1391 885 1454 defuncto
906 1389 942 1452 in
956 1389 1045 1452 brevi
1065 1400 1140 1474 post
1152 1400 1243 1473 patre

186 1510 257 1564 suo,
273 1491 443 1573 separatim
462 1491 588 1568 invasit,
604 1503 637 1556 et
654 1494 729 1576 jura
748 1514 875 1555 coronae
894 1501 1004 1554 contra
1026 1499 1076 1552 tot
1090 1499 1124 1553 et
1138 1499 1244 1552 tantos

189 1589 371 1654 detentores
396 1602 461 1655 tam
482 1594 617 1658 viriliter
640 1595 738 1660 etiam
762 1594 795 1656 in
821 1604 932 1656 tenera
954 1600 1052 1656 aetate
1074 1591 1243 1668 revocavit,

188 1700 341 1775 tanquam
364 1695 399 1757 in
421 1695 493 1760 illos
513 1697 570 1781 qui
595 1697 648 1781 pia
672 1696 772 1782 patris
795 1695 927 1759 lenitate
942 1704 976 1757 et
998 1691 1244 1757 mansuetudine

187 1794 283 1857 nimis
321 1795 496 1861 insolenter
529 1809 563 1862 et
598 1797 772 1863 infideliter
806 1796 897 1862 abusi
928 1796 1067 1871 fuerant,
1104 1793 1190 1858 filius
1225 1816 1244 1858 a

188 1895 330 1960 Domino
344 1897 465 1963 vindex
480 1900 598 1964 datus.¹

642 2276 723 2341 Cer.
741 2275 789 2339 ΙΙ.

186 2465 238 2527 De
250 2473 405 2528 terraram
419 2487 439 2528 a
449 2466 600 2551 Philippo
613 2466 959 2550 Lodooioifilio,jamta
968 2466 1076 2549 patris
1086 2463 1245 2548 supplica-

231 2569 343 2629 tionem
358 2577 388 2630 et
400 2569 498 2630 visam
513 2569 584 2630 inde
593 2570 687 2652 prius
701 2570 858 2644 visionem,
871 2575 935 2629 tom
949 2588 1023 2651 erpo
1038 2566 1201 2628 Blesemses
1215 2575 1246 2628 et

235 2669 382 2731 Comitem
396 2669 557 2733 Fioodriae
576 2670 759 2754 Philippum
782 2691 875 2754 qaam
890 2691 966 2752 erpa
986 2669 1104 2751 Repem
1125 2667 1246 2730 Hemi-

230 2791 308 2847 cam,
324 2773 529 2836 revocatione.

230 2953 274 3017 ΙΝ
297 2955 409 3040 primis
433 2956 544 3041 itaque
566 2967 641 3042 post
663 2956 764 3041 patris
788 2953 923 3030 obitum,
941 2951 1084 3036 Philippi
1099 2949 1243 3068 Flandri·
1254 2975 1353 3065 pm

187 3055 312 3120 ensium
344 3057 478 3122 Comitis
508 3059 672 3143 praecipue
706 3058 809 3121 fultus
847 3055 982 3131 auxilio,
1027 3053 1120 3139 (puta
1150 3075 1368 3138 quusuousm

186 3168 317 3241 neptem
342 3182 385 3222 ex
413 3182 530 3238 sorore,
554 3161 672 3224 filiam⁹
696 3159 846 3223 videlicet
875 3155 1012 3221 Comitis
1041 3156 1080 3219 de
1110 3124 1399 3232 Henou,iiiiiiiilii‘¹

186 3270 277 3343 patre
314 3260 419 3325 adhuc
456 3263 628 3346 superstite
656 3273 689 3326 et
729 3262 764 3324 id
802 3269 1005 3345 procurante,
1035 3257 1071 3320 in
1106 3278 1243 3319 uxorem
1254 3225 1361 3319 ffliiii.

187 3361 363 3446 duxerat,)³
377 3364 523 3448 proprios
540 3364 712 3428 avunculos
727 3374 761 3426 et
777 3374 912 3426 matrem
930 3359 1100 3444 Reginam,
1116 3358 1242 3422 Ducem

188 3485 318 3548 quoque
348 3464 548 3549 Burgundiae
583 3475 756 3548 cognatum
795 3486 900 3539 suum,
931 3472 1102 3544 totumque
1141 3481 1244 3543 genus

185 3564 267 3627 illud
290 3566 330 3629 de
356 3565 465 3649 Bleys‚
489 3566 740 3629 Flandrensibus
764 3565 918 3627 infestum
940 3562 1017 3624 olim
1038 3571 1072 3624 et
1096 3581 1242 3635 exosum,

187 3665 282 3728 armis
302 3665 455 3749 impetiit.
500 3665 541 3729 In
561 3665 684 3749 primis,
708 3664 796 3728 Duci
814 3661 1014 3747 Burgundiae
1030 3661 1245 3736 Alexandro,⁴

187 3767 423 3850 consanguineo
437 3789 507 3844 suo,
526 3766 655 3830 castella
673 3766 831 3852 plurima3
855 3764 992 3847 Reginae
1007 3762 1134 3838 Adelae,
1151 3760 1245 3824 matri

188 3890 267 3944 suae,
299 3868 481 3932 dotalitium
509 3891 604 3933 suum
633 3880 738 3933 totum
767 3879 801 3931 et
828 3877 961 3953 propter
990 3863 1120 3948 nuptias
1149 3863 1247 3926 dona-

228 4077 235 4106 ¹
256 4075 314 4128 The
348 4093 419 4128 same
443 4075 533 4143 vision,
557 4075 605 4128 but
636 4073 698 4126 with
783 4073 793 4104 ³
811 4070 897 4141 Philip
909 4067 1051 4123 succeeded
1062 4076 1090 4120 to
1102 4067 1146 4120 the
1157 4066 1248 4119 throne

190 4163 265 4198 some
274 4145 384 4216 variety,
397 4147 420 4199 is
433 4144 550 4199 narreted
562 4144 599 4215 by
608 4144 640 4197 Ri
659 4162 698 4196 or·
748 4143 775 4195 in
789 4144 893 4209 1179,a
911 4157 972 4210 year
987 4138 1073 4192 before
1090 4137 1132 4190 his
1143 4136 1248 4190 fother's

192 4215 249 4282 dus,
273 4233 302 4267 as
329 4215 388 4268 vell
414 4233 442 4268 as
468 4215 502 4285 by
524 4214 597 4267 other
627 4162 699 4266 ciro·
750 4211 836 4264 death.
872 4210 912 4262 De
925 4208 1035 4279 Nangis,
1048 4208 1066 4261 i.
1080 4212 1121 4262 68.

191 4285 293 4338 niclers
329 4285 378 4338 See
393 4285 477 4355 Bouq.
491 4284 554 4338 xvii.
566 4301 592 4354 p.
603 4287 628 4337 4.
787 4283 797 4313 ⁴
814 4280 910 4334 Rather
924 4279 1010 4350 Hugo,
1017 4277 1061 4330 the
1069 4277 1138 4331 thrrd
1151 4276 1212 4330 Earl
1224 4276 1254 4328 of

227 4354 376 4408 'Isabella
752 4351 807 4403 that
820 4367 904 4403 nume.
935 4349 983 4401 See
996 4347 1132 4418 Rigordus,
1144 4365 1169 4417 p.
1183 4349 1225 4400 14.
