3000 5016
224 472 266 542 76
534 488 715 539 ornamus
741 485 967 539 cnnnnnnsrs

220 639 330 703 audita
344 637 445 722 Regis
464 647 498 703 et
519 637 685 725 inopinata
706 647 772 702 tam
798 638 837 702 de
862 638 1010 702 hostibus
1024 629 1157 702 victoria
1179 652 1278 721 quam

221 742 260 805 de
274 741 366 806 victis
382 740 608 818 misericordia,
624 740 708 805 sicut
721 740 756 804 in
770 740 834 803 fine
855 739 971 824 prioris
985 739 1071 817 libri,
1085 750 1160 803 ante
1176 740 1280 824 Regis

221 843 477 928 descriptionem,
494 843 534 906 de
549 843 649 928 captis
662 852 726 906 tam
742 841 877 906 Cestriae
892 841 1021 918 comite,
1036 864 1134 926 quam
1148 841 1279 906 Leices·

222 945 304 1021 triae,
320 967 445 1009 necnon
460 954 493 1007 et
513 943 663 1008 Albaniae
684 944 788 1028 Rege,
804 943 944 1008 dilucida
961 943 1119 1008 brevitate
1138 943 1278 1007 declara-

220 1046 334 1110 vimus.
395 1044 595 1129 Hugutionis
626 1045 714 1112 Petri
744 1044 874 1122 Leonis,
899 1044 987 1109 tituli
1017 1044 1127 1108 Sancti
1156 1043 1278 1129 Angeli

224 1147 409 1225 Cardinalis,
429 1148 464 1210 in
488 1145 639 1230 Angliam
658 1147 834 1210 transmissi
856 1146 994 1231 legatio:
1030 1146 1091 1210 sub
1113 1168 1179 1231 quo
1200 1167 1278 1210 con-

223 1248 332 1312 cilium
354 1249 454 1313 totius
469 1246 599 1333 Angliae
622 1248 697 1312 cleri
712 1248 889 1312 Londoniis
911 1257 1130 1325 convocatum,
1145 1257 1279 1332 propter

224 1351 462 1415 contentionem
511 1351 598 1415 inter
639 1350 906 1435 Archiepiscopos
953 1349 1075 1413 ibidem
1118 1348 1275 1426 obortam,

224 1453 421 1518 Richardum
459 1453 580 1517 scilicet
610 1452 871 1517 Cantuariensem
907 1463 941 1517 et
970 1447 1148 1535 Rogerium
1187 1450 1278 1514 Ebo-

220 1577 393 1634 racensem,
417 1555 457 1618 de
485 1555 645 1640 primatiae
672 1555 828 1638 dignitate
856 1564 890 1617 et
924 1555 1028 1639 prima
1053 1552 1276 1617 cathedrarum

220 1655 305 1732 sede,
342 1656 487 1740 allegatis
523 1657 652 1720 demum
688 1656 762 1719 hinc
806 1657 880 1720 inde
916 1667 980 1720 tam
1025 1655 1142 1740 pugnis
1179 1676 1276 1738 quam

220 1756 343 1819 baculis
358 1768 391 1820 et
413 1757 510 1842 virgis
531 1759 680 1821 abortum
694 1758 782 1822 fecit.
828 1757 951 1821 Nuncii
966 1745 1147 1820 Guillielmi
1172 1755 1275 1842 Regis

222 1857 333 1934 Siculi,
349 1867 415 1922 tam
431 1859 612 1944 Episcopus
631 1881 673 1923 sc.
691 1857 873 1943 Capuanus,
889 1882 986 1944 quam
1009 1859 1161 1923 Diaferus
1180 1859 1277 1924 Elec-

188 1966 192 1972 '
221 1969 273 2022 tus
299 1959 469 2044 Trojanus,
496 1983 621 2024 necnon
644 1971 678 2024 et
704 1959 819 2047 Comes
848 1960 986 2038 Florius,
1016 1971 1149 2046 propter
1175 1961 1275 2025 Joan·

219 2083 293 2125 nam
322 2061 424 2146 Regis
452 2061 552 2125 filiam
587 2063 751 2146 juniorem
790 2085 848 2126 suo
889 2063 1028 2147 principi
1064 2063 1275 2147 copulandam

219 2163 385 2227 advenere.
444 2163 566 2228 Nuncii
595 2164 727 2248 Regum
759 2164 940 2249 Hispaniae,
985 2163 1135 2228 Casteliae
1169 2187 1211 2229 sc.
1241 2178 1276 2231 et

220 2264 380 2342 Navariae,
407 2265 464 2349 qui
487 2288 584 2351 super
609 2266 703 2330 terris
726 2266 918 2349 quibusdam
948 2276 982 2330 et
1016 2265 1154 2330 castellis
1187 2269 1276 2333 unde

219 2365 304 2429 inter
329 2365 415 2450 ipsos
440 2390 554 2452 magna
574 2368 680 2432 fuerat
703 2367 814 2431 adorta
835 2367 1010 2444 contentio,
1033 2390 1067 2430 se
1091 2368 1274 2453 Anglorum

219 2467 321 2552 Regis
335 2469 467 2533 arbitrio
480 2470 609 2532 standos
622 2469 756 2533 firmiter
767 2468 1059 2553 compromiserant,
1070 2468 1106 2532 in
1121 2468 1274 2554 Angliam

217 2580 384 2636 venerunt.
430 2570 527 2634 Unde
550 2581 584 2635 et
607 2571 683 2635 Rex
699 2570 879 2635 convocatis
903 2571 938 2634 in
960 2571 1040 2634 urbe
1056 2570 1275 2636 Londoniensi

217 2671 293 2735 viris
315 2671 428 2756 peritis
442 2683 476 2736 et
499 2670 697 2756 sapientibus
721 2671 813 2754 regni
836 2671 936 2735 totius
959 2672 1080 2737 ordinis
1103 2675 1274 2758 utriusque

214 2772 309 2858 juris,
325 2772 490 2858 (quoniam
510 2796 676 2840 causarum
698 2774 823 2850 merita,
838 2773 980 2858 partium
998 2776 1172 2841 assertione
1194 2801 1275 2862 pan·

218 2875 365 2958 dunton)
382 2874 500 2938 auditis
522 2875 596 2938 hinc
621 2875 696 2938 inde
718 2875 888 2959 utriusque
915 2877 1014 2960 partis
1026 2877 1273 2962 allegationibus

219 2976 259 3039 ab
275 2969 434 3040 advocatis
458 2985 491 3039 et
516 2999 680 3040 causarum
708 2980 852 3062 patronis
880 2978 1034 3063 utrinque
1060 2981 1272 3066 peroptimis3

220 3093 358 3160 quorum
388 3099 472 3140 unus
501 3088 608 3141 tamen
635 3079 720 3143 iuter
756 3080 835 3144 alios
872 3080 1112 3161 famosissimus,
1156 3083 1275 3149 Petrus

220 3201 263 3242 sc.
280 3177 501 3256 Cardonensis,
518 3176 646 3263 (quiex
668 3191 759 3265 parte
775 3181 925 3246 Navariae
948 3183 1103 3268 principis
1117 3189 1273 3272 venerat)

220 3289 254 3344 et
290 3279 371 3343 mira
405 3279 591 3365 eloquentia
626 3283 838 3368 praepolluit3
877 3284 965 3362 Rex,
999 3285 1137 3370 sapienti
1169 3287 1273 3353 fretus

219 3381 363 3458 consilio,
378 3381 484 3446 media
503 3392 646 3448 statuens
668 3385 816 3450 incedere
828 3386 890 3464 via,
905 3387 997 3450 litem
1009 3387 1157 3453 dirimere
1172 3401 1277 3455 trans-⁴

219 3483 346 3547 actione
368 3485 510 3564 curavit3
535 3495 574 3549 ut
595 3487 703 3572 aliquo
725 3487 810 3564 dato,
825 3488 973 3572 aliquove
996 3499 1133 3568 retento,
1146 3493 1274 3576 jactura

219 3597 335 3651 neuter
369 3586 543 3651 laederetur
576 3589 709 3666 enormi,
740 3590 796 3654 sed
825 3590 910 3654 sicut
934 3590 974 3654 ab
1004 3601 1144 3675 utroque
1165 3593 1275 3658 fuerat

215 3689 320 3774 judex
349 3689 480 3766 electus,
508 3690 552 3754 sic
581 3691 621 3755 de
649 3692 820 3776 utriusque
849 3691 889 3774 (si
917 3691 988 3756 fieri
1018 3693 1140 3777 posset)
1168 3695 1274 3760 factus

219 3789 429 3855 indemnitate
453 3791 618 3856 sollicitus.
664 3791 770 3876 Igitur
791 3793 1003 3857 transactione
1022 3793 1168 3874 formata,
1185 3805 1219 3859 et
1237 3796 1273 3860 in

219 3891 374 3975 scriptum
403 3890 542 3968 redacta,
572 3893 614 3956 ad
644 3892 801 3956 cautelam
831 3893 983 3979 judiciale
1014 3918 1144 3982 quoque
1178 3897 1274 3961 scribi

219 3993 298 4056 fecit
325 4012 482 4057 examen:
514 3992 563 4055 Ut
597 3993 624 4056 si
658 3994 743 4057 forte
776 4017 850 4078 pars
883 3996 1038 4062 alterutra
1067 3999 1273 4063 transactioni

219 4103 303 4156 stare
318 4104 490 4171 recusaret,
506 4094 636 4158 demum
651 4093 813 4160 definitiva
828 4099 988 4163 sententia
1004 4099 1044 4163 lis
1058 4099 1272 4164 dirimeretur.

220 4193 390 4258 Adventus
419 4195 573 4260 Lodovici
603 4195 799 4260 Francorum
828 4197 929 4283 Regis
957 4200 992 4265 in
1022 4198 1187 4285 Angliam,
1215 4203 1273 4287 qui

220 4295 425 4360 Cantuariam
449 4320 581 4381 peregre
604 4299 779 4382 profectus,
795 4301 944 4385 martyris
964 4303 1084 4387 egregii
1106 4303 1217 4388 (quem
1236 4304 1272 4367 in
