<?xml version="1.0" encoding="UTF-8"?>
<!DOCTYPE html PUBLIC "-//W3C//DTD XHTML 1.0 Transitional//EN"
    "http://www.w3.org/TR/xhtml1/DTD/xhtml1-transitional.dtd">
<html xmlns="http://www.w3.org/1999/xhtml" xml:lang="en" lang="en">
 <head>
  <title>
</title>
<meta http-equiv="Content-Type" content="text/html;charset=utf-8" />
  <meta name='ocr-system' content='tesseract 3.04.00' />
  <meta name='ocr-capabilities' content='ocr_page ocr_carea ocr_par ocr_line ocrx_word'/>
</head>
<body>
  <div class='ocr_page' id='page_1' title='image "./giralduscambren00giragoog_0080.png"; bbox 0 0 3000 5040; ppageno 0'>
   <div class='ocr_carea' id='block_1_1' title="bbox 431 511 1247 576">
    <p class='ocr_par' dir='ltr' id='par_1_1' title="bbox 431 511 1247 576">
     <span class='ocr_line' id='line_1_1' title="bbox 431 511 1247 576; baseline 0.004 -5"><span class='ocrx_word' id='word_1_1' title='bbox 431 520 479 571; x_wconf 82' lang='lat' dir='ltr'><strong>nn</strong></span> <span class='ocrx_word' id='word_1_2' title='bbox 503 520 771 572; x_wconf 79' lang='lat' dir='ltr'><strong>rusrnucuouu</strong></span> <span class='ocrx_word' id='word_1_3' title='bbox 797 519 1012 571; x_wconf 78' lang='lat' dir='ltr'><strong>rnrucmuu.</strong></span> <span class='ocrx_word' id='word_1_4' title='bbox 1206 511 1247 576; x_wconf 82' lang='lat'><strong>39</strong></span> 
     </span>
    </p>
   </div>
   <div class='ocr_carea' id='block_1_2' title="bbox 163 666 1298 3691">
    <p class='ocr_par' dir='ltr' id='par_1_2' title="bbox 181 666 1247 1260">
     <span class='ocr_line' id='line_1_2' title="bbox 189 666 1246 754; baseline 0.009 -26"><span class='ocrx_word' id='word_1_5' title='bbox 189 666 362 748; x_wconf 85' lang='lat' dir='ltr'><strong>primaevus</strong></span> <span class='ocrx_word' id='word_1_6' title='bbox 383 691 426 734; x_wconf 87' lang='lat' dir='ltr'><strong>sc.</strong></span> <span class='ocrx_word' id='word_1_7' title='bbox 449 669 623 749; x_wconf 90' lang='lat' dir='ltr'><strong>Henricus,</strong></span> <span class='ocrx_word' id='word_1_8' title='bbox 646 682 680 734; x_wconf 91' lang='lat' dir='ltr'><strong>et</strong></span> <span class='ocrx_word' id='word_1_9' title='bbox 701 671 757 734; x_wconf 93' lang='lat' dir='ltr'><strong>alii</strong></span> <span class='ocrx_word' id='word_1_10' title='bbox 778 671 852 747; x_wconf 92' lang='lat' dir='ltr'><strong>duo,</strong></span> <span class='ocrx_word' id='word_1_11' title='bbox 870 669 1067 733; x_wconf 89' lang='lat' dir='ltr'><strong>Pictavensis</strong></span> <span class='ocrx_word' id='word_1_12' title='bbox 1089 681 1122 734; x_wconf 88' lang='lat' dir='ltr'><strong>et</strong></span> <span class='ocrx_word' id='word_1_13' title='bbox 1142 672 1246 754; x_wconf 85' lang='lat' dir='ltr'><strong>Brito,</strong></span> 
     </span>
     <span class='ocr_line' id='line_1_3' title="bbox 187 768 1247 856; baseline 0.01 -29"><span class='ocrx_word' id='word_1_14' title='bbox 187 776 298 830; x_wconf 87' lang='lat' dir='ltr'><strong>contra</strong></span> <span class='ocrx_word' id='word_1_15' title='bbox 310 768 428 851; x_wconf 90' lang='lat' dir='ltr'><strong>ipsum,</strong></span> <span class='ocrx_word' id='word_1_16' title='bbox 441 771 475 834; x_wconf 92' lang='lat' dir='ltr'><strong>in</strong></span> <span class='ocrx_word' id='word_1_17' title='bbox 486 772 740 856; x_wconf 82' lang='lat' dir='ltr'><strong>Quadragesima</strong></span> <span class='ocrx_word' id='word_1_18' title='bbox 754 782 911 855; x_wconf 84' lang='lat' dir='ltr'><strong>sequente</strong></span> <span class='ocrx_word' id='word_1_19' title='bbox 921 771 962 833; x_wconf 93' lang='lat' dir='ltr'><strong>ad</strong></span> <span class='ocrx_word' id='word_1_20' title='bbox 971 770 1096 854; x_wconf 76' lang='lat' dir='ltr'><strong>Regem</strong></span> <span class='ocrx_word' id='word_1_21' title='bbox 1109 772 1247 839; x_wconf 89' lang='lat' dir='ltr'><strong>Franco-</strong></span> 
     </span>
     <span class='ocr_line' id='line_1_4' title="bbox 184 868 1245 939; baseline 0.01 -11"><span class='ocrx_word' id='word_1_22' title='bbox 184 889 257 930; x_wconf 86' lang='lat' dir='ltr'><strong>rum</strong></span> <span class='ocrx_word' id='word_1_23' title='bbox 284 868 485 936; x_wconf 83' lang='lat' dir='ltr'><strong>Ludovicum</strong></span> <span class='ocrx_word' id='word_1_24' title='bbox 513 873 736 938; x_wconf 88' lang='lat' dir='ltr'><strong>discessenmt.</strong></span> <span class='ocrx_word' id='word_1_25' title='bbox 780 872 877 936; x_wconf 91' lang='lat' dir='ltr'><strong>Unde</strong></span> <span class='ocrx_word' id='word_1_26' title='bbox 907 882 997 936; x_wconf 88' lang='lat' dir='ltr'><strong>tanta</strong></span> <span class='ocrx_word' id='word_1_27' title='bbox 1018 883 1106 936; x_wconf 92' lang='lat' dir='ltr'><strong>mota</strong></span> <span class='ocrx_word' id='word_1_28' title='bbox 1136 884 1186 938; x_wconf 92' lang='lat' dir='ltr'><strong>est</strong></span> <span class='ocrx_word' id='word_1_29' title='bbox 1214 877 1245 939; x_wconf 89' lang='lat' dir='ltr'><strong>ei</strong></span> 
     </span>
     <span class='ocr_line' id='line_1_5' title="bbox 183 967 1242 1058; baseline 0.011 -29"><span class='ocrx_word' id='word_1_30' title='bbox 183 967 387 1052; x_wconf 87' lang='lat' dir='ltr'><strong>inquietatio,</strong></span> <span class='ocrx_word' id='word_1_31' title='bbox 415 985 567 1057; x_wconf 89' lang='lat' dir='ltr'><strong>quantam</strong></span> <span class='ocrx_word' id='word_1_32' title='bbox 590 985 685 1038; x_wconf 89' lang='lat' dir='ltr'><strong>antea</strong></span> <span class='ocrx_word' id='word_1_33' title='bbox 715 996 884 1058; x_wconf 87' lang='lat' dir='ltr'><strong>nunquam</strong></span> <span class='ocrx_word' id='word_1_34' title='bbox 913 972 1082 1052; x_wconf 87' lang='lat' dir='ltr'>habuerat,</span> <span class='ocrx_word' id='word_1_35' title='bbox 1109 986 1143 1040; x_wconf 90' lang='lat' dir='ltr'><strong>et</strong></span> <span class='ocrx_word' id='word_1_36' title='bbox 1167 999 1242 1058; x_wconf 88' lang='lat' dir='ltr'><strong>quae</strong></span> 
     </span>
     <span class='ocr_line' id='line_1_6' title="bbox 181 1073 1242 1163; baseline 0.01 -32"><span class='ocrx_word' id='word_1_37' title='bbox 181 1089 305 1154; x_wconf 89' lang='lat' dir='ltr'>semper</span> <span class='ocrx_word' id='word_1_38' title='bbox 338 1073 370 1135; x_wconf 91' lang='lat' dir='ltr'><strong>ei</strong></span> <span class='ocrx_word' id='word_1_39' title='bbox 401 1096 505 1158; x_wconf 93' lang='lat' dir='ltr'><strong>usque</strong></span> <span class='ocrx_word' id='word_1_40' title='bbox 534 1076 576 1138; x_wconf 90' lang='lat' dir='ltr'><strong>ad</strong></span> <span class='ocrx_word' id='word_1_41' title='bbox 601 1085 784 1140; x_wconf 85' lang='lat' dir='ltr'><strong>extremum</strong></span> <span class='ocrx_word' id='word_1_42' title='bbox 821 1074 955 1160; x_wconf 89' lang='lat' dir='ltr'><strong>spiritus</strong></span> <span class='ocrx_word' id='word_1_43' title='bbox 989 1075 1140 1154; x_wconf 89' lang='lat' dir='ltr'><strong>halitum,</strong></span> <span class='ocrx_word' id='word_1_44' title='bbox 1170 1077 1242 1163; x_wconf 90' lang='lat' dir='ltr'><strong>[per</strong></span> 
     </span>
     <span class='ocr_line' id='line_1_7' title="bbox 181 1168 1014 1260; baseline 0.011 -29"><span class='ocrx_word' id='word_1_45' title='bbox 181 1168 321 1253; x_wconf 86' lang='lat' dir='ltr'><strong>aliquem</strong></span> <span class='ocrx_word' id='word_1_46' title='bbox 331 1171 357 1256; x_wconf 85' lang='lat'><strong>¹]</strong></span> <span class='ocrx_word' id='word_1_47' title='bbox 373 1174 515 1240; x_wconf 88' lang='lat' dir='ltr'><strong>filiorum</strong></span> <span class='ocrx_word' id='word_1_48' title='bbox 529 1175 597 1240; x_wconf 86' lang='lat' dir='ltr'><strong>fere</strong></span> <span class='ocrx_word' id='word_1_49' title='bbox 611 1177 805 1241; x_wconf 74' lang='lat' dir='ltr'><strong>incessanter</strong></span> <span class='ocrx_word' id='word_1_50' title='bbox 819 1175 1014 1260; x_wconf 86' lang='lat' dir='ltr'><strong>perduravit.</strong></span> 
     </span>
    </p>

    <p class='ocr_par' dir='ltr' id='par_1_3' title="bbox 177 1271 1238 1545">
     <span class='ocr_line' id='line_1_8' title="bbox 221 1271 1238 1362; baseline 0.01 -29"><span class='ocrx_word' id='word_1_51' title='bbox 221 1271 399 1356; x_wconf 86' lang='lat' dir='ltr'><strong>Exquisita</strong></span> <span class='ocrx_word' id='word_1_52' title='bbox 420 1299 559 1362; x_wconf 92' lang='lat' dir='ltr'><strong>namque</strong></span> <span class='ocrx_word' id='word_1_53' title='bbox 574 1277 639 1342; x_wconf 90' lang='lat' dir='ltr'><strong>Dei</strong></span> <span class='ocrx_word' id='word_1_54' title='bbox 654 1277 795 1342; x_wconf 87' lang='lat' dir='ltr'><strong>vindicta</strong></span> <span class='ocrx_word' id='word_1_55' title='bbox 814 1277 944 1360; x_wconf 90' lang='lat' dir='ltr'><strong>qualem</strong></span> <span class='ocrx_word' id='word_1_56' title='bbox 967 1300 1000 1340; x_wconf 90' lang='lat' dir='ltr'><strong>se</strong></span> <span class='ocrx_word' id='word_1_57' title='bbox 1026 1276 1131 1340; x_wconf 88' lang='lat' dir='ltr'><strong>filium</strong></span> <span class='ocrx_word' id='word_1_58' title='bbox 1153 1280 1238 1362; x_wconf 88' lang='lat' dir='ltr'><strong>patri</strong></span> 
     </span>
     <span class='ocr_line' id='line_1_9' title="bbox 178 1373 1237 1464; baseline 0.008 -28"><span class='ocrx_word' id='word_1_59' title='bbox 178 1373 339 1458; x_wconf 87' lang='lat' dir='ltr'><strong>spirituali</strong></span> <span class='ocrx_word' id='word_1_60' title='bbox 368 1379 573 1458; x_wconf 85' lang='lat' dir='ltr'><strong>exhibuerat,</strong></span> <span class='ocrx_word' id='word_1_61' title='bbox 595 1381 676 1444; x_wconf 89' lang='lat' dir='ltr'><strong>tales</strong></span> <span class='ocrx_word' id='word_1_62' title='bbox 701 1403 777 1464; x_wconf 87' lang='lat' dir='ltr'><strong>erga</strong></span> <span class='ocrx_word' id='word_1_63' title='bbox 802 1402 836 1443; x_wconf 90' lang='lat' dir='ltr'><strong>se</strong></span> <span class='ocrx_word' id='word_1_64' title='bbox 863 1401 943 1463; x_wconf 92' lang='lat' dir='ltr'><strong>quos</strong></span> <span class='ocrx_word' id='word_1_65' title='bbox 970 1389 1128 1462; x_wconf 86' lang='lat' dir='ltr'><strong>genuerat</strong></span> <span class='ocrx_word' id='word_1_66' title='bbox 1153 1381 1237 1461; x_wconf 84' lang='lat' dir='ltr'><strong>filios</strong></span> 
     </span>
     <span class='ocr_line' id='line_1_10' title="bbox 177 1477 481 1545; baseline 0.03 -9"><span class='ocrx_word' id='word_1_67' title='bbox 177 1477 318 1542; x_wconf 88' lang='lat' dir='ltr'><strong>carnales</strong></span> <span class='ocrx_word' id='word_1_68' title='bbox 333 1479 481 1545; x_wconf 74' lang='lat' dir='ltr'><strong>invenit.²</strong></span> 
     </span>
    </p>

    <p class='ocr_par' dir='ltr' id='par_1_4' title="bbox 163 1575 1298 3691">
     <span class='ocr_line' id='line_1_11' title="bbox 221 1575 1236 1665; baseline 0.008 -26"><span class='ocrx_word' id='word_1_69' title='bbox 221 1575 301 1642; x_wconf 91' lang='lat' dir='ltr'><strong>Post</strong></span> <span class='ocrx_word' id='word_1_70' title='bbox 324 1579 406 1644; x_wconf 91' lang='lat' dir='ltr'><strong>hanc</strong></span> <span class='ocrx_word' id='word_1_71' title='bbox 431 1581 660 1647; x_wconf 84' lang='lat' dir='ltr'><strong>revelationem</strong></span> <span class='ocrx_word' id='word_1_72' title='bbox 683 1591 717 1646; x_wconf 90' lang='lat' dir='ltr'><strong>et</strong></span> <span class='ocrx_word' id='word_1_73' title='bbox 742 1579 925 1646; x_wconf 88' lang='lat' dir='ltr'><strong>biennalem</strong></span> <span class='ocrx_word' id='word_1_74' title='bbox 949 1603 1024 1665; x_wconf 88' lang='lat' dir='ltr'><strong>quae</strong></span> <span class='ocrx_word' id='word_1_75' title='bbox 1052 1592 1162 1645; x_wconf 88' lang='lat' dir='ltr'><strong>secuta</strong></span> <span class='ocrx_word' id='word_1_76' title='bbox 1186 1592 1236 1647; x_wconf 88' lang='lat' dir='ltr'><strong>est</strong></span> 
     </span>
     <span class='ocr_line' id='line_1_12' title="bbox 175 1680 1254 1777; baseline 0.006 -38"><span class='ocrx_word' id='word_1_77' title='bbox 175 1680 430 1761; x_wconf 84' lang='lat' dir='ltr'><strong>persecutionem</strong></span> <span class='ocrx_word' id='word_1_78' title='bbox 451 1683 543 1765; x_wconf 91' lang='lat' dir='ltr'><strong>quasi</strong></span> <span class='ocrx_word' id='word_1_79' title='bbox 563 1683 714 1762; x_wconf 89' lang='lat' dir='ltr'><strong>triennio,</strong></span> <span class='ocrx_word' id='word_1_80' title='bbox 729 1683 778 1748; x_wconf 87' lang='lat' dir='ltr'><strong>vir</strong></span> <span class='ocrx_word' id='word_1_81' title='bbox 795 1683 926 1768; x_wconf 91' lang='lat' dir='ltr'><strong>quidam</strong></span> <span class='ocrx_word' id='word_1_82' title='bbox 949 1681 1099 1767; x_wconf 89' lang='lat' dir='ltr'><strong>simplex,</strong></span> <span class='ocrx_word' id='word_1_83' title='bbox 1115 1692 1233 1760; x_wconf 90' lang='lat' dir='ltr'><strong>rectus,</strong></span> <span class='ocrx_word' id='word_1_84' title='bbox 1251 1769 1254 1777; x_wconf 19' lang='grc' dir='ltr'><em>Ι</em></span> 
     </span>
     <span class='ocr_line' id='line_1_13' title="bbox 176 1781 1234 1869; baseline 0.007 -28"><span class='ocrx_word' id='word_1_85' title='bbox 176 1789 210 1842; x_wconf 89' lang='lat' dir='ltr'><strong>et</strong></span> <span class='ocrx_word' id='word_1_86' title='bbox 224 1781 334 1864; x_wconf 88' lang='lat' dir='ltr'><strong>justus</strong></span> <span class='ocrx_word' id='word_1_87' title='bbox 347 1782 382 1846; x_wconf 93' lang='lat' dir='ltr'><strong>in</strong></span> <span class='ocrx_word' id='word_1_88' title='bbox 398 1782 570 1868; x_wconf 88' lang='lat' dir='ltr'><strong>Hybernia</strong></span> <span class='ocrx_word' id='word_1_89' title='bbox 582 1806 725 1861; x_wconf 86' lang='lat' dir='ltr'><strong>manens,</strong></span> <span class='ocrx_word' id='word_1_90' title='bbox 740 1784 799 1869; x_wconf 91' lang='lat' dir='ltr'><strong>qui</strong></span> <span class='ocrx_word' id='word_1_91' title='bbox 814 1795 922 1848; x_wconf 90' lang='lat' dir='ltr'><strong>tamen</strong></span> <span class='ocrx_word' id='word_1_92' title='bbox 942 1805 1009 1847; x_wconf 93' lang='lat' dir='ltr'><strong>non</strong></span> <span class='ocrx_word' id='word_1_93' title='bbox 1024 1783 1234 1867; x_wconf 91' lang='lat' dir='ltr'><strong>Hybernicus</strong></span> 
     </span>
     <span class='ocr_line' id='line_1_14' title="bbox 174 1882 1230 1966; baseline 0.007 -23"><span class='ocrx_word' id='word_1_94' title='bbox 174 1882 230 1944; x_wconf 91' lang='lat' dir='ltr'><strong>sed</strong></span> <span class='ocrx_word' id='word_1_95' title='bbox 244 1882 403 1966; x_wconf 89' lang='lat' dir='ltr'><strong>Anglicus</strong></span> <span class='ocrx_word' id='word_1_96' title='bbox 417 1895 496 1962; x_wconf 91' lang='lat' dir='ltr'><strong>erat,</strong></span> <span class='ocrx_word' id='word_1_97' title='bbox 511 1886 546 1949; x_wconf 93' lang='lat' dir='ltr'><strong>in</strong></span> <span class='ocrx_word' id='word_1_98' title='bbox 568 1886 686 1950; x_wconf 88' lang='lat' dir='ltr'><strong>somnis</strong></span> <span class='ocrx_word' id='word_1_99' title='bbox 706 1887 788 1950; x_wconf 89' lang='lat' dir='ltr'><strong>hanc</strong></span> <span class='ocrx_word' id='word_1_100' title='bbox 802 1908 914 1951; x_wconf 86' lang='lat' dir='ltr'><strong>vocem</strong></span> <span class='ocrx_word' id='word_1_101' title='bbox 934 1884 1077 1950; x_wconf 88' lang='lat' dir='ltr'><strong>audivit:</strong></span> <span class='ocrx_word' id='word_1_102' title='bbox 1101 1885 1230 1950; x_wconf 90' lang='lat' dir='ltr'><strong>“Vade</strong></span> 
     </span>
     <span class='ocr_line' id='line_1_15' title="bbox 173 1981 1232 2071; baseline 0.006 -27"><span class='ocrx_word' id='word_1_103' title='bbox 173 1982 213 2045; x_wconf 92' lang='lat' dir='ltr'><strong>ad</strong></span> <span class='ocrx_word' id='word_1_104' title='bbox 235 1981 418 2067; x_wconf 89' lang='lat' dir='ltr'><strong>Anglorum</strong></span> <span class='ocrx_word' id='word_1_105' title='bbox 440 1986 566 2070; x_wconf 85' lang='lat' dir='ltr'><strong>Regem</strong></span> <span class='ocrx_word' id='word_1_106' title='bbox 589 1998 622 2051; x_wconf 90' lang='lat' dir='ltr'><strong>et</strong></span> <span class='ocrx_word' id='word_1_107' title='bbox 643 1988 695 2051; x_wconf 89' lang='lat' dir='ltr'><strong>dic</strong></span> <span class='ocrx_word' id='word_1_108' title='bbox 717 1987 758 2063; x_wconf 91' lang='lat' dir='ltr'><strong>ei,</strong></span> <span class='ocrx_word' id='word_1_109' title='bbox 782 1996 944 2071; x_wconf 90' lang='lat' dir='ltr'><strong>quatenus</strong></span> <span class='ocrx_word' id='word_1_110' title='bbox 970 1986 1026 2070; x_wconf 90' lang='lat' dir='ltr'><strong>jus</strong></span> <span class='ocrx_word' id='word_1_111' title='bbox 1048 2009 1142 2049; x_wconf 90' lang='lat' dir='ltr'><strong>suum</strong></span> <span class='ocrx_word' id='word_1_112' title='bbox 1162 1987 1232 2050; x_wconf 90' lang='lat' dir='ltr'><strong>oui·</strong></span> 
     </span>
     <span class='ocr_line' id='line_1_16' title="bbox 173 2087 1229 2173; baseline 0.004 -27"><span class='ocrx_word' id='word_1_113' title='bbox 173 2105 237 2167; x_wconf 92' lang='lat' dir='ltr'><strong>que</strong></span> <span class='ocrx_word' id='word_1_114' title='bbox 258 2087 381 2164; x_wconf 89' lang='lat' dir='ltr'><strong>reddat,</strong></span> <span class='ocrx_word' id='word_1_115' title='bbox 398 2087 562 2173; x_wconf 86' lang='lat' dir='ltr'><strong>vitamque</strong></span> <span class='ocrx_word' id='word_1_116' title='bbox 585 2111 676 2153; x_wconf 90' lang='lat' dir='ltr'><strong>suam</strong></span> <span class='ocrx_word' id='word_1_117' title='bbox 697 2087 732 2151; x_wconf 94' lang='lat' dir='ltr'><strong>in</strong></span> <span class='ocrx_word' id='word_1_118' title='bbox 754 2088 869 2152; x_wconf 91' lang='lat' dir='ltr'><strong>melius</strong></span> <span class='ocrx_word' id='word_1_119' title='bbox 891 2087 1061 2165; x_wconf 85' lang='lat' dir='ltr'><strong>emendet3</strong></span> <span class='ocrx_word' id='word_1_120' title='bbox 1084 2087 1229 2172; x_wconf 88' lang='lat' dir='ltr'><strong>alioquin</strong></span> 
     </span>
     <span class='ocr_line' id='line_1_17' title="bbox 172 2184 1229 2273; baseline 0.007 -26"><span class='ocrx_word' id='word_1_121' title='bbox 172 2184 206 2247; x_wconf 93' lang='lat' dir='ltr'><strong>in</strong></span> <span class='ocrx_word' id='word_1_122' title='bbox 239 2187 329 2251; x_wconf 86' lang='lat' dir='ltr'><strong>brevi</strong></span> <span class='ocrx_word' id='word_1_123' title='bbox 361 2189 442 2253; x_wconf 91' lang='lat' dir='ltr'><strong>iram</strong></span> <span class='ocrx_word' id='word_1_124' title='bbox 467 2190 533 2254; x_wconf 89' lang='lat' dir='ltr'><strong>Dei</strong></span> <span class='ocrx_word' id='word_1_125' title='bbox 560 2191 704 2255; x_wconf 90' lang='lat' dir='ltr'><strong>incurret</strong></span> <span class='ocrx_word' id='word_1_126' title='bbox 729 2188 1026 2254; x_wconf 85' lang='lat' dir='ltr'><strong>exterminantem.”</strong></span> <span class='ocrx_word' id='word_1_127' title='bbox 1081 2187 1229 2273; x_wconf 90' lang='lat' dir='ltr'><strong>Cumque</strong></span> 
     </span>
     <span class='ocr_line' id='line_1_18' title="bbox 170 2289 1228 2374; baseline 0.003 -24"><span class='ocrx_word' id='word_1_128' title='bbox 170 2310 280 2351; x_wconf 87' lang='lat' dir='ltr'><strong>vocem</strong></span> <span class='ocrx_word' id='word_1_129' title='bbox 302 2291 446 2354; x_wconf 90' lang='lat' dir='ltr'><strong>eamdem</strong></span> <span class='ocrx_word' id='word_1_130' title='bbox 469 2292 612 2356; x_wconf 86' lang='lat' dir='ltr'><strong>audisset</strong></span> <span class='ocrx_word' id='word_1_131' title='bbox 632 2302 726 2356; x_wconf 89' lang='lat' dir='ltr'><strong>nocte</strong></span> <span class='ocrx_word' id='word_1_132' title='bbox 750 2302 916 2374; x_wconf 88' lang='lat' dir='ltr'><strong>sequente,</strong></span> <span class='ocrx_word' id='word_1_133' title='bbox 932 2300 966 2353; x_wconf 92' lang='lat' dir='ltr'><strong>et</strong></span> <span class='ocrx_word' id='word_1_134' title='bbox 981 2289 1076 2353; x_wconf 91' lang='lat' dir='ltr'><strong>tertia</strong></span> <span class='ocrx_word' id='word_1_135' title='bbox 1098 2312 1228 2374; x_wconf 92' lang='lat' dir='ltr'><strong>quoque</strong></span> 
     </span>
     <span class='ocr_line' id='line_1_19' title="bbox 171 2389 1298 2476; baseline 0.002 -26"><span class='ocrx_word' id='word_1_136' title='bbox 171 2410 244 2451; x_wconf 90' lang='lat' dir='ltr'><strong>cum</strong></span> <span class='ocrx_word' id='word_1_137' title='bbox 273 2391 532 2470; x_wconf 85' lang='lat' dir='ltr'><strong>comminatione,</strong></span> <span class='ocrx_word' id='word_1_138' title='bbox 560 2392 738 2476; x_wconf 72' lang='lat' dir='ltr'><strong>interjectis</strong></span> <span class='ocrx_word' id='word_1_139' title='bbox 768 2392 865 2454; x_wconf 91' lang='lat' dir='ltr'><strong>etiam</strong></span> <span class='ocrx_word' id='word_1_140' title='bbox 895 2391 981 2453; x_wconf 90' lang='lat' dir='ltr'><strong>inter</strong></span> <span class='ocrx_word' id='word_1_141' title='bbox 1014 2389 1113 2473; x_wconf 87' lang='lat' dir='ltr'><strong>signis</strong></span> <span class='ocrx_word' id='word_1_142' title='bbox 1141 2389 1228 2474; x_wconf 84' lang='lat' dir='ltr'><strong>Regi</strong></span> <span class='ocrx_word' id='word_1_143' title='bbox 1296 2429 1298 2434; x_wconf 93' lang='lat'><em>·</em></span> 
     </span>
     <span class='ocr_line' id='line_1_20' title="bbox 171 2489 1228 2574; baseline 0.002 -22"><span class='ocrx_word' id='word_1_144' title='bbox 171 2489 322 2568; x_wconf 89' lang='lat' dir='ltr'><strong>dicendis,</strong></span> <span class='ocrx_word' id='word_1_145' title='bbox 345 2492 385 2555; x_wconf 92' lang='lat' dir='ltr'><strong>ad</strong></span> <span class='ocrx_word' id='word_1_146' title='bbox 408 2515 442 2556; x_wconf 92' lang='lat' dir='ltr'><strong>se</strong></span> <span class='ocrx_word' id='word_1_147' title='bbox 466 2493 680 2557; x_wconf 88' lang='lat' dir='ltr'><strong>secretissima</strong></span> <span class='ocrx_word' id='word_1_148' title='bbox 703 2492 786 2556; x_wconf 91' lang='lat' dir='ltr'><strong>nulli</strong></span> <span class='ocrx_word' id='word_1_149' title='bbox 810 2490 978 2554; x_wconf 89' lang='lat' dir='ltr'><strong>hominum</strong></span> <span class='ocrx_word' id='word_1_150' title='bbox 1000 2490 1063 2554; x_wconf 90' lang='lat' dir='ltr'><strong>nisi</strong></span> <span class='ocrx_word' id='word_1_151' title='bbox 1084 2491 1147 2574; x_wconf 86' lang='lat' dir='ltr'><strong>ipsi</strong></span> <span class='ocrx_word' id='word_1_152' title='bbox 1169 2491 1228 2554; x_wconf 90' lang='lat' dir='ltr'><strong>soli</strong></span> 
     </span>
     <span class='ocr_line' id='line_1_21' title="bbox 170 2591 1229 2679; baseline 0.003 -26"><span class='ocrx_word' id='word_1_153' title='bbox 170 2591 299 2674; x_wconf 89' lang='lat' dir='ltr'><strong>cognita</strong></span> <span class='ocrx_word' id='word_1_154' title='bbox 312 2593 362 2656; x_wconf 91' lang='lat' dir='ltr'><strong>vel</strong></span> <span class='ocrx_word' id='word_1_155' title='bbox 379 2605 571 2679; x_wconf 91' lang='lat' dir='ltr'><strong>comparata,</strong></span> <span class='ocrx_word' id='word_1_156' title='bbox 587 2594 695 2658; x_wconf 89' lang='lat' dir='ltr'><strong>statim</strong></span> <span class='ocrx_word' id='word_1_157' title='bbox 720 2593 783 2656; x_wconf 92' lang='lat' dir='ltr'><strong>iter</strong></span> <span class='ocrx_word' id='word_1_158' title='bbox 804 2591 960 2677; x_wconf 87' lang='lat' dir='ltr'><strong>arripiens</strong></span> <span class='ocrx_word' id='word_1_159' title='bbox 983 2601 1229 2676; x_wconf 88' lang='lat' dir='ltr'><strong>transcursoque</strong></span> 
     </span>
     <span class='ocr_line' id='line_1_22' title="bbox 171 2692 1228 2777; baseline 0.002 -23"><span class='ocrx_word' id='word_1_160' title='bbox 171 2692 293 2777; x_wconf 90' lang='lat' dir='ltr'><strong>duplici</strong></span> <span class='ocrx_word' id='word_1_161' title='bbox 302 2695 396 2757; x_wconf 91' lang='lat' dir='ltr'><strong>maris</strong></span> <span class='ocrx_word' id='word_1_162' title='bbox 405 2695 548 2772; x_wconf 89' lang='lat' dir='ltr'><strong>brachio,</strong></span> <span class='ocrx_word' id='word_1_163' title='bbox 559 2705 625 2759; x_wconf 88' lang='lat' dir='ltr'><strong>tam</strong></span> <span class='ocrx_word' id='word_1_164' title='bbox 635 2694 756 2758; x_wconf 89' lang='lat' dir='ltr'><strong>Gallici</strong></span> <span class='ocrx_word' id='word_1_165' title='bbox 763 2692 914 2757; x_wconf 87' lang='lat' dir='ltr'><strong>videlicet</strong></span> <span class='ocrx_word' id='word_1_166' title='bbox 925 2713 1023 2774; x_wconf 91' lang='lat' dir='ltr'><strong>quam</strong></span> <span class='ocrx_word' id='word_1_167' title='bbox 1035 2692 1228 2776; x_wconf 88' lang='lat' dir='ltr'><strong>Hybernici,</strong></span> 
     </span>
     <span class='ocr_line' id='line_1_23' title="bbox 169 2784 1229 2880; baseline 0.002 -24"><span class='ocrx_word' id='word_1_168' title='bbox 169 2794 210 2856; x_wconf 91' lang='lat' dir='ltr'><strong>ad</strong></span> <span class='ocrx_word' id='word_1_169' title='bbox 224 2793 350 2878; x_wconf 85' lang='lat' dir='ltr'><strong>Regem</strong></span> <span class='ocrx_word' id='word_1_170' title='bbox 365 2795 397 2857; x_wconf 91' lang='lat' dir='ltr'><strong>in</strong></span> <span class='ocrx_word' id='word_1_171' title='bbox 412 2794 619 2880; x_wconf 86' lang='lat' dir='ltr'><strong>Aquitanicae</strong></span> <span class='ocrx_word' id='word_1_172' title='bbox 636 2793 755 2858; x_wconf 87' lang='lat' dir='ltr'><strong>Galliae</strong></span> <span class='ocrx_word' id='word_1_173' title='bbox 769 2793 899 2869; x_wconf 76' lang='lat' dir='ltr'><strong>finibuS,</strong></span> <span class='ocrx_word' id='word_1_174' title='bbox 915 2792 950 2854; x_wconf 93' lang='lat' dir='ltr'><strong>in</strong></span> <span class='ocrx_word' id='word_1_175' title='bbox 961 2794 1059 2857; x_wconf 90' lang='lat' dir='ltr'><strong>verba</strong></span> <span class='ocrx_word' id='word_1_176' title='bbox 1071 2784 1229 2878; x_wconf 78' lang='lat' dir='ltr'><strong>praediola</strong></span> 
     </span>
     <span class='ocr_line' id='line_1_24' title="bbox 166 2896 1226 2982; baseline 0.001 -25"><span class='ocrx_word' id='word_1_177' title='bbox 166 2897 323 2978; x_wconf 87' lang='lat' dir='ltr'><strong>pervenit.</strong></span> <span class='ocrx_word' id='word_1_178' title='bbox 368 2896 435 2960; x_wconf 87' lang='lat' dir='ltr'><strong>Sed</strong></span> <span class='ocrx_word' id='word_1_179' title='bbox 454 2897 546 2982; x_wconf 86' lang='lat' dir='ltr'><strong>Rege</strong></span> <span class='ocrx_word' id='word_1_180' title='bbox 569 2919 628 2982; x_wconf 91' lang='lat' dir='ltr'><strong>per</strong></span> <span class='ocrx_word' id='word_1_181' title='bbox 649 2898 710 2960; x_wconf 88' lang='lat' dir='ltr'><strong>hoo</strong></span> <span class='ocrx_word' id='word_1_182' title='bbox 730 2919 795 2959; x_wconf 88' lang='lat' dir='ltr'><strong>non</strong></span> <span class='ocrx_word' id='word_1_183' title='bbox 818 2905 961 2958; x_wconf 89' lang='lat' dir='ltr'><strong>correcto</strong></span> <span class='ocrx_word' id='word_1_184' title='bbox 982 2917 1041 2958; x_wconf 89' lang='lat' dir='ltr'><strong>neo</strong></span> <span class='ocrx_word' id='word_1_185' title='bbox 1056 2905 1226 2972; x_wconf 91' lang='lat' dir='ltr'><strong>commoto,</strong></span> 
     </span>
     <span class='ocr_line' id='line_1_25' title="bbox 167 2996 1226 3085; baseline 0.001 -26"><span class='ocrx_word' id='word_1_186' title='bbox 167 2998 304 3061; x_wconf 91' lang='lat' dir='ltr'><strong>nuncius</strong></span> <span class='ocrx_word' id='word_1_187' title='bbox 331 2999 373 3062; x_wconf 88' lang='lat' dir='ltr'><strong>ad</strong></span> <span class='ocrx_word' id='word_1_188' title='bbox 401 3000 532 3085; x_wconf 92' lang='lat' dir='ltr'><strong>propria</strong></span> <span class='ocrx_word' id='word_1_189' title='bbox 559 2999 721 3084; x_wconf 90' lang='lat' dir='ltr'><strong>completa</strong></span> <span class='ocrx_word' id='word_1_190' title='bbox 753 2996 914 3081; x_wconf 89' lang='lat' dir='ltr'><strong>legatione</strong></span> <span class='ocrx_word' id='word_1_191' title='bbox 940 2996 1105 3061; x_wconf 88' lang='lat' dir='ltr'><strong>remeavit.</strong></span> <span class='ocrx_word' id='word_1_192' title='bbox 1165 2997 1226 3062; x_wconf 94' lang='lat' dir='ltr'><strong>Vir</strong></span> 
     </span>
     <span class='ocr_line' id='line_1_26' title="bbox 166 3098 1224 3186; baseline 0.002 -26"><span class='ocrx_word' id='word_1_193' title='bbox 166 3109 273 3162; x_wconf 85' lang='lat' dir='ltr'><strong>autem</strong></span> <span class='ocrx_word' id='word_1_194' title='bbox 294 3123 368 3164; x_wconf 92' lang='lat' dir='ltr'><strong>cum</strong></span> <span class='ocrx_word' id='word_1_195' title='bbox 386 3102 449 3165; x_wconf 89' lang='lat' dir='ltr'><strong>iter</strong></span> <span class='ocrx_word' id='word_1_196' title='bbox 472 3101 698 3186; x_wconf 90' lang='lat' dir='ltr'><strong>aggrediendo,</strong></span> <span class='ocrx_word' id='word_1_197' title='bbox 720 3109 902 3163; x_wconf 88' lang='lat' dir='ltr'><strong>transcurso</strong></span> <span class='ocrx_word' id='word_1_198' title='bbox 922 3098 1002 3162; x_wconf 87' lang='lat' dir='ltr'><strong>mari</strong></span> <span class='ocrx_word' id='word_1_199' title='bbox 1023 3098 1224 3183; x_wconf 89' lang='lat' dir='ltr'><strong>Hybernico,</strong></span> 
     </span>
     <span class='ocr_line' id='line_1_27' title="bbox 164 3199 1225 3288; baseline 0.001 -26"><span class='ocrx_word' id='word_1_200' title='bbox 164 3223 223 3285; x_wconf 93' lang='lat' dir='ltr'><strong>per</strong></span> <span class='ocrx_word' id='word_1_201' title='bbox 243 3201 383 3266; x_wconf 86' lang='lat' dir='ltr'><strong>Galliam</strong></span> <span class='ocrx_word' id='word_1_202' title='bbox 406 3204 567 3280; x_wconf 87' lang='lat' dir='ltr'><strong>transiret,</strong></span> <span class='ocrx_word' id='word_1_203' title='bbox 589 3203 789 3288; x_wconf 89' lang='lat' dir='ltr'><strong>Episcopum</strong></span> <span class='ocrx_word' id='word_1_204' title='bbox 815 3200 926 3264; x_wconf 87' lang='lat' dir='ltr'><strong>Sancti</strong></span> <span class='ocrx_word' id='word_1_205' title='bbox 950 3199 1069 3277; x_wconf 92' lang='lat' dir='ltr'><strong>David,</strong></span> <span class='ocrx_word' id='word_1_206' title='bbox 1089 3199 1225 3263; x_wconf 90' lang='lat' dir='ltr'><strong>Petrum</strong></span> 
     </span>
     <span class='ocr_line' id='line_1_28' title="bbox 164 3301 1222 3389; baseline -0.001 -25"><span class='ocrx_word' id='word_1_207' title='bbox 164 3303 305 3382; x_wconf 91' lang='lat' dir='ltr'><strong>nomine,</strong></span> <span class='ocrx_word' id='word_1_208' title='bbox 328 3315 362 3369; x_wconf 89' lang='lat' dir='ltr'><strong>et</strong></span> <span class='ocrx_word' id='word_1_209' title='bbox 386 3305 480 3369; x_wconf 90' lang='lat' dir='ltr'><strong>illum</strong></span> <span class='ocrx_word' id='word_1_210' title='bbox 507 3305 564 3389; x_wconf 91' lang='lat' dir='ltr'><strong>qui</strong></span> <span class='ocrx_word' id='word_1_211' title='bbox 592 3304 719 3389; x_wconf 90' lang='lat' dir='ltr'><strong>scripsit</strong></span> <span class='ocrx_word' id='word_1_212' title='bbox 747 3302 819 3366; x_wconf 87' lang='lat' dir='ltr'><strong>haeo</strong></span> <span class='ocrx_word' id='word_1_213' title='bbox 844 3301 1118 3376; x_wconf 79' lang='lat' dir='ltr'><strong>Archidiaconum</strong></span> <span class='ocrx_word' id='word_1_214' title='bbox 1142 3303 1222 3385; x_wconf 86' lang='lat' dir='ltr'><strong>ejus,</strong></span> 
     </span>
     <span class='ocr_line' id='line_1_29' title="bbox 164 3402 1223 3489; baseline -0.001 -23"><span class='ocrx_word' id='word_1_215' title='bbox 164 3403 199 3467; x_wconf 94' lang='lat' dir='ltr'><strong>in</strong></span> <span class='ocrx_word' id='word_1_216' title='bbox 222 3407 362 3489; x_wconf 92' lang='lat' dir='ltr'><strong>quodam</strong></span> <span class='ocrx_word' id='word_1_217' title='bbox 394 3406 587 3470; x_wconf 90' lang='lat' dir='ltr'><strong>monasterio</strong></span> <span class='ocrx_word' id='word_1_218' title='bbox 614 3404 835 3470; x_wconf 76' lang='lat' dir='ltr'><strong>cisterciensis</strong></span> <span class='ocrx_word' id='word_1_219' title='bbox 859 3403 992 3480; x_wconf 89' lang='lat' dir='ltr'><strong>ordinis,</strong></span> <span class='ocrx_word' id='word_1_220' title='bbox 1020 3402 1074 3466; x_wconf 90' lang='lat' dir='ltr'><strong>cui</strong></span> <span class='ocrx_word' id='word_1_221' title='bbox 1105 3425 1223 3467; x_wconf 91' lang='lat' dir='ltr'><strong>nomen</strong></span> 
     </span>
     <span class='ocr_line' id='line_1_30' title="bbox 165 3503 1222 3589; baseline -0.001 -22"><span class='ocrx_word' id='word_1_222' title='bbox 165 3504 251 3570; x_wconf 88' lang='lat' dir='ltr'><strong>Alba</strong></span> <span class='ocrx_word' id='word_1_223' title='bbox 265 3507 388 3586; x_wconf 88' lang='lat' dir='ltr'><strong>Landa,</strong></span> <span class='ocrx_word' id='word_1_224' title='bbox 400 3508 533 3572; x_wconf 88' lang='lat' dir='ltr'><strong>invenit.</strong></span> <span class='ocrx_word' id='word_1_225' title='bbox 579 3507 649 3573; x_wconf 79' lang='lat' dir='ltr'><strong>Qui</strong></span> <span class='ocrx_word' id='word_1_226' title='bbox 660 3507 769 3570; x_wconf 90' lang='lat' dir='ltr'><strong>statim</strong></span> <span class='ocrx_word' id='word_1_227' title='bbox 780 3504 944 3589; x_wconf 89' lang='lat' dir='ltr'><strong>Episcopo</strong></span> <span class='ocrx_word' id='word_1_228' title='bbox 956 3526 1083 3567; x_wconf 90' lang='lat' dir='ltr'><strong>causam</strong></span> <span class='ocrx_word' id='word_1_229' title='bbox 1097 3503 1222 3567; x_wconf 90' lang='lat' dir='ltr'><strong>itineris</strong></span> 
     </span>
     <span class='ocr_line' id='line_1_31' title="bbox 163 3604 1049 3691; baseline -0.007 -20"><span class='ocrx_word' id='word_1_230' title='bbox 163 3609 213 3671; x_wconf 89' lang='lat' dir='ltr'><strong>sui</strong></span> <span class='ocrx_word' id='word_1_231' title='bbox 227 3621 350 3674; x_wconf 89' lang='lat' dir='ltr'><strong>secreto</strong></span> <span class='ocrx_word' id='word_1_232' title='bbox 364 3609 527 3690; x_wconf 87' lang='lat' dir='ltr'><strong>revelavit,</strong></span> <span class='ocrx_word' id='word_1_233' title='bbox 542 3619 577 3672; x_wconf 92' lang='lat' dir='ltr'><strong>et</strong></span> <span class='ocrx_word' id='word_1_234' title='bbox 591 3608 772 3691; x_wconf 89' lang='lat' dir='ltr'><strong>Episcopus</strong></span> <span class='ocrx_word' id='word_1_235' title='bbox 787 3604 1049 3668; x_wconf 81' lang='lat' dir='ltr'><strong>Archidiacono.³</strong></span> 
     </span>
    </p>
   </div>
   <div class='ocr_carea' id='block_1_3' title="bbox 163 3752 1218 4104">
    <p class='ocr_par' dir='ltr' id='par_1_5' title="bbox 199 3752 1218 3818">
     <span class='ocr_line' id='line_1_32' title="bbox 199 3752 1218 3818; baseline -0.001 -13"><span class='ocrx_word' id='word_1_236' title='bbox 199 3755 321 3806; x_wconf 90' lang='lat' dir='ltr'><strong>¹Perali</strong></span> <span class='ocrx_word' id='word_1_237' title='bbox 340 3773 409 3809; x_wconf 88' lang='lat' dir='ltr'><strong>uam.</strong></span> <span class='ocrx_word' id='word_1_238' title='bbox 445 3755 576 3809; x_wconf 86' lang='lat' dir='ltr'><strong>0m.Ms.</strong></span> <span class='ocrx_word' id='word_1_239' title='bbox 714 3755 763 3806; x_wconf 89' lang='lat' dir='ltr'><strong>See</strong></span> <span class='ocrx_word' id='word_1_240' title='bbox 793 3753 822 3804; x_wconf 87' lang='lat' dir='ltr'><strong>of</strong></span> <span class='ocrx_word' id='word_1_241' title='bbox 848 3753 887 3806; x_wconf 82' lang='lat' dir='ltr'><strong>St.</strong></span> <span class='ocrx_word' id='word_1_242' title='bbox 912 3752 1027 3818; x_wconf 87' lang='lat' dir='ltr'><strong>David&#39;s,</strong></span> <span class='ocrx_word' id='word_1_243' title='bbox 1051 3752 1127 3806; x_wconf 90' lang='grc'><strong>1176.</strong></span> <span class='ocrx_word' id='word_1_244' title='bbox 1170 3753 1218 3805; x_wconf 86' lang='lat' dir='ltr'><strong>See</strong></span> 
     </span>
    </p>

    <p class='ocr_par' dir='ltr' id='par_1_6' title="bbox 199 3773 1218 3894">
     <span class='ocr_line' id='line_1_33' title="bbox 199 3773 1218 3894; baseline 0 -20"><span class='ocrx_word' id='word_1_245' title='bbox 199 3823 210 3852; x_wconf 73' lang='lat'>²</span> <span class='ocrx_word' id='word_1_246' title='bbox 227 3822 268 3875; x_wconf 81' lang='lat' dir='ltr'><strong>Cf.</strong></span> <span class='ocrx_word' id='word_1_247' title='bbox 280 3773 425 3877; x_wconf 78' lang='lat' dir='ltr'><strong>Scalacron.</strong></span> <span class='ocrx_word' id='word_1_248' title='bbox 434 3843 461 3894; x_wconf 92' lang='lat' dir='ltr'><strong>p.</strong></span> <span class='ocrx_word' id='word_1_249' title='bbox 474 3827 518 3878; x_wconf 88' lang='grc'><strong>43.</strong></span> <span class='ocrx_word' id='word_1_250' title='bbox 714 3820 814 3876; x_wconf 83' lang='lat' dir='ltr'><strong>Girald.</strong></span> <span class='ocrx_word' id='word_1_251' title='bbox 827 3822 948 3874; x_wconf 88' lang='lat' dir='ltr'><strong>derebus</strong></span> <span class='ocrx_word' id='word_1_252' title='bbox 966 3840 982 3873; x_wconf 86' lang='lat' dir='ltr'><strong>a</strong></span> <span class='ocrx_word' id='word_1_253' title='bbox 996 3839 1024 3874; x_wconf 88' lang='lat' dir='ltr'><strong>se</strong></span> <span class='ocrx_word' id='word_1_254' title='bbox 1042 3823 1130 3890; x_wconf 85' lang='lat' dir='ltr'><strong>gestis,</strong></span> <span class='ocrx_word' id='word_1_255' title='bbox 1144 3822 1161 3875; x_wconf 86' lang='lat' dir='ltr'><strong>i.</strong></span> <span class='ocrx_word' id='word_1_256' title='bbox 1176 3827 1218 3874; x_wconf 93' lang='lat' dir='ltr'><strong>ll.</strong></span> 
     </span>
    </p>

    <p class='ocr_par' dir='ltr' id='par_1_7' title="bbox 163 3891 1216 4104">
     <span class='ocr_line' id='line_1_34' title="bbox 198 3891 1216 3971; baseline 0.001 -28"><span class='ocrx_word' id='word_1_257' title='bbox 198 3897 208 3927; x_wconf 81' lang='lat'><strong>³</strong></span> <span class='ocrx_word' id='word_1_258' title='bbox 227 3892 268 3945; x_wconf 80' lang='lat' dir='ltr'><strong>ef.</strong></span> <span class='ocrx_word' id='word_1_259' title='bbox 278 3892 421 3947; x_wconf 86' lang='lat' dir='ltr'><strong>Scalacron.</strong></span> <span class='ocrx_word' id='word_1_260' title='bbox 429 3912 454 3964; x_wconf 93' lang='lat' dir='ltr'><strong>p.</strong></span> <span class='ocrx_word' id='word_1_261' title='bbox 465 3898 509 3947; x_wconf 85' lang='lat'><strong>43.</strong></span> <span class='ocrx_word' id='word_1_262' title='bbox 544 3892 620 3946; x_wconf 89' lang='lat' dir='ltr'><strong>Peter</strong></span> <span class='ocrx_word' id='word_1_263' title='bbox 632 3893 664 3944; x_wconf 90' lang='lat' dir='ltr'><strong>de</strong></span> <span class='ocrx_word' id='word_1_264' title='bbox 715 3893 758 3945; x_wconf 94' lang='lat' dir='ltr'><strong>He</strong></span> <span class='ocrx_word' id='word_1_265' title='bbox 770 3909 822 3944; x_wconf 87' lang='lat' dir='ltr'><strong>was</strong></span> <span class='ocrx_word' id='word_1_266' title='bbox 834 3892 878 3944; x_wconf 90' lang='lat' dir='ltr'><strong>the</strong></span> <span class='ocrx_word' id='word_1_267' title='bbox 897 3891 990 3971; x_wconf 87' lang='lat' dir='ltr'><strong>King’s</strong></span> <span class='ocrx_word' id='word_1_268' title='bbox 1003 3899 1117 3943; x_wconf 86' lang='lat' dir='ltr'><strong>creature</strong></span> <span class='ocrx_word' id='word_1_269' title='bbox 1136 3893 1163 3944; x_wconf 94' lang='lat' dir='ltr'><strong>in</strong></span> <span class='ocrx_word' id='word_1_270' title='bbox 1182 3892 1216 3944; x_wconf 90' lang='lat' dir='ltr'><strong>all</strong></span> 
     </span>
     <span class='ocr_line' id='line_1_35' title="bbox 163 3960 1216 4034; baseline -0.001 -19"><span class='ocrx_word' id='word_1_271' title='bbox 163 3962 234 4030; x_wconf 85' lang='lat' dir='ltr'><strong>Leia,</strong></span> <span class='ocrx_word' id='word_1_272' title='bbox 248 3962 321 4014; x_wconf 88' lang='lat' dir='ltr'><strong>Prior</strong></span> <span class='ocrx_word' id='word_1_273' title='bbox 333 3962 362 4014; x_wconf 89' lang='lat' dir='ltr'><strong>of</strong></span> <span class='ocrx_word' id='word_1_274' title='bbox 376 3963 513 4030; x_wconf 86' lang='lat' dir='ltr'><strong>Weulock,</strong></span> <span class='ocrx_word' id='word_1_275' title='bbox 526 3962 664 4034; x_wconf 88' lang='lat' dir='ltr'><strong>appointed</strong></span> <span class='ocrx_word' id='word_1_276' title='bbox 714 3970 836 4032; x_wconf 80' lang='lat' dir='ltr'><strong>respecta,</strong></span> <span class='ocrx_word' id='word_1_277' title='bbox 860 3962 997 4032; x_wconf 79' lang='lat' dir='ltr'><strong>according</strong></span> <span class='ocrx_word' id='word_1_278' title='bbox 1019 3969 1047 4013; x_wconf 88' lang='lat' dir='ltr'><strong>to</strong></span> <span class='ocrx_word' id='word_1_279' title='bbox 1071 3960 1115 4014; x_wconf 89' lang='lat' dir='ltr'><strong>the</strong></span> <span class='ocrx_word' id='word_1_280' title='bbox 1145 3979 1216 4014; x_wconf 85' lang='lat' dir='ltr'><strong>same</strong></span> 
     </span>
     <span class='ocr_line' id='line_1_36' title="bbox 163 4032 861 4104; baseline 0.006 -21"><span class='ocrx_word' id='word_1_281' title='bbox 163 4032 189 4084; x_wconf 89' lang='lat' dir='ltr'><strong>in</strong></span> <span class='ocrx_word' id='word_1_282' title='bbox 211 4032 355 4104; x_wconf 87' lang='lat' dir='ltr'><strong>opposition</strong></span> <span class='ocrx_word' id='word_1_283' title='bbox 377 4041 404 4088; x_wconf 83' lang='lat' dir='ltr'><strong>to</strong></span> <span class='ocrx_word' id='word_1_284' title='bbox 425 4034 556 4101; x_wconf 84' lang='lat' dir='ltr'><strong>Giraldus,</strong></span> <span class='ocrx_word' id='word_1_285' title='bbox 573 4041 601 4086; x_wconf 92' lang='lat' dir='ltr'><strong>to</strong></span> <span class='ocrx_word' id='word_1_286' title='bbox 620 4032 664 4086; x_wconf 88' lang='lat' dir='ltr'><strong>the</strong></span> <span class='ocrx_word' id='word_1_287' title='bbox 713 4033 861 4102; x_wconf 85' lang='lat' dir='ltr'><strong>testimony.</strong></span> 
     </span>
    </p>
   </div>
   <div class='ocr_carea' id='block_1_4' title="bbox 0 0 1504 5040">
    <p class='ocr_par' dir='ltr' id='par_1_8' title="bbox 0 0 1504 5040">
     <span class='ocr_line' id='line_1_37' title="bbox 0 0 1504 5040; baseline 0 9"><span class='ocrx_word' id='word_1_288' title='bbox 0 0 1504 5040; x_wconf 95' lang='lat' dir='ltr'><strong> </strong></span> 
     </span>
    </p>
   </div>
  </div>
 </body>
</html>
