3000 5040
425 523 474 575 DE
498 524 765 577 INSTRUC'HONE
790 525 1002 578 PRINCIPUM·
1200 513 1236 576 9]

184 676 310 761 gravior
349 687 418 740 erat
457 687 491 740 et
528 677 680 761 asperior,
717 678 849 761 penitus
889 678 997 741 oblata
1038 684 1242 759 respuerunt.

95 829 97 833 r
187 779 300 844 Quum
320 777 420 862 igitur
443 778 606 842 exercitus
621 777 806 863 Anglorum
830 778 930 862 Regis
952 777 1039 862 apud
1054 775 1245 840 Castellum-

186 881 331 958 Radulfi,
347 881 543 944 Francorum
557 903 632 944 vero
654 881 742 966 apud
762 880 943 957 Issondum,
960 879 1049 964 quod
1071 901 1244 963 occupave-

187 993 269 1060 rant,
290 983 358 1067 jam
382 982 569 1060 existerent,
594 981 670 1046 Rex
697 982 860 1047 Henricus
883 983 924 1046 ad
949 982 1059 1045 solitas
1082 980 1245 1065 decipulas

188 1107 222 1147 se
237 1095 435 1162 convertens,
450 1084 567 1148 litteris
584 1094 617 1147 et
631 1084 757 1149 nunciis
769 1084 870 1148 suasit
883 1107 919 1147 ac
933 1084 1070 1160 monuit,
1085 1093 1245 1168 quatenus

189 1207 255 1268 pax
275 1185 361 1249 inter
373 1185 459 1270 ipsos
478 1187 538 1249 sub
554 1185 614 1249 hoc
629 1196 740 1250 tenore
755 1186 978 1264 firmaretur31
1001 1187 1089 1269 quod
1106 1207 1245 1250 sororem

188 1289 289 1374 Regis
304 1290 460 1368 Franciae,
477 1314 552 1375 quae
576 1313 675 1374 penes
690 1289 872 1374 Anglorum
894 1290 1019 1374 Regem
1040 1291 1163 1354 dudum
1187 1312 1245 1353 ex·

186 1391 307 1468 titerat,
323 1392 391 1455 filio
414 1415 471 1455 suo
488 1391 621 1476 juniori,
637 1391 658 1453 J
659 1391 778 1454 ohanni
796 1391 927 1466 scilicet,
943 1413 1016 1454 cum
1038 1391 1245 1455 comitatibus

189 1492 343 1556 Pictaviae
372 1503 406 1555 et
428 1491 628 1575 Andegaviae
654 1491 774 1576 nuptui
800 1493 923 1568 darent,
945 1513 1072 1554 necnon
1098 1503 1131 1554 et
1152 1492 1245 1554 terris

188 1594 348 1670 omnibus,
374 1616 454 1677 quas
480 1594 519 1656 de
543 1594 740 1657 Francorum
766 1615 866 1676 regno
891 1594 1096 1679 possidebat;
1126 1603 1246 1678 praeter

189 1693 421 1758 Normanniam
443 1693 553 1771 solam,
570 1716 645 1778 quae
667 1715 766 1778 penes
788 1694 941 1758 heredem
956 1717 1108 1758 unacum
1123 1693 1247 1778 Anglo-

125 1794 129 1802 ’
188 1818 261 1858 rum
286 1818 386 1880 regno
411 1805 600 1859 remaneret.
660 1794 745 1859 Haee
772 1795 858 1858 enim
884 1808 953 1860 erat
980 1796 1120 1860 hominis
1148 1796 1247 1881 hujus

189 1909 314 1974 natura,
342 1897 431 1980 quod
457 1919 582 1982 semper
608 1897 773 1961 invidebat
797 1898 980 1964 successori.
1026 1897 1110 1962 Haec
1139 1908 1248 1960 autem

190 1998 337 2083 Philippi
363 1998 465 2081 Regis
494 2021 593 2075 soror,
619 2008 653 2062 et
678 1997 833 2063 Lodovici
862 2000 938 2077 filia,
963 2000 1120 2064 custodiae
1146 1999 1248 2082 Regis

190 2100 382 2184 Anglorum,
409 2099 550 2163 Ricardo
578 2099 647 2163 filio
676 2099 778 2183 ipsius
804 2100 924 2165 Comiti
954 2101 1108 2165 Pictaviae
1138 2101 1248 2164 matri-

188 2202 296 2265 monio
326 2201 515 2285 copulanda,
545 2201 582 2263 a
598 2211 690 2285 patre
718 2201 962 2285 piisimo-bona
989 2203 1053 2266 fide
1083 2201 1249 2266 commissa

188 2303 303 2368 fuerat
360 2303 469 2370 Quam
506 2314 614 2367 tamen
650 2325 766 2380 comes,
795 2313 928 2387 propter
964 2304 1130 2368 infamiam
1160 2313 1249 2388 post·

186 2407 319 2468 modurn
339 2414 497 2480 exortam,
513 2414 546 2466 et
566 2405 608 2467 ob
630 2403 764 2468 nimiam
788 2403 1039 2468 familiaritatem
1058 2427 1132 2468 cum
1156 2414 1248 2488 patre

189 2529 248 2569 suo
267 2515 476 2580 contractam,
500 2504 562 2568 sibi
588 2505 739 2589 copulare
762 2506 865 2569 modis
892 2506 1042 2570 omnihus
1067 2505 1250 2570 recusavit.2

190 2608 369 2671 Dicebatur
399 2606 529 2682 etenim,
553 2616 587 2669 et
619 2629 766 2671 murmur
799 2607 914 2692 populi
941 2607 1059 2685 fuerat,
1090 2607 1181 2692 (quia
1210 2608 1249 2671 de

189 2710 326 2774 veritate
351 2730 417 2771 non
444 2707 646 2771 alleviabitur
670 2708 723 2771 hic
745 2708 937 2793 quippiam)
956 2710 1044 2793 quod
1067 2719 1141 2794 post
1164 2730 1251 2772 mor·-

191 2821 256 2876 tem
267 2810 508 2875 Rosomaundae
529 2809 661 2895 puellae,
678 2833 774 2894 quam
789 2810 867 2874 Rex
884 2812 1073 2876 adulterinis
1095 2810 1251 2896 amplexi·

190 2914 251 2977 bus
266 2911 361 2976 nimis
376 2912 586 2988 adamaverat,
602 2911 757 2995 virginem
772 2911 877 2992 istam,
890 2913 1012 2976 domini
1026 2913 1077 2976 sui
1090 2907 1200 2990 filiam,
1217 2923 1250 2976 et

189 3014 267 3077 fidei
302 3035 370 3077 suae
399 3013 440 3076 ab
471 3013 583 3076 eodem
612 3012 806 3078 fiducialiter
834 3015 1042 3091 commissam,
1072 3015 1168 3078 nimis
1190 3015 1250 3078 im.

189 3115 307 3200 pudice
342 3114 504 3198 nimisque
540 3114 715 3180 infideliter
748 3115 1015 3182 dehonestaverit.
1075 3117 1250 3202 Proposuit

191 3219 288 3295 enim,
308 3227 347 3281 ut
368 3217 482 3294 fertur,
502 3227 577 3301 post
598 3239 752 3302 magnum
773 3217 857 3281 illud
879 3228 913 3282 et
933 3218 1139 3282 execrabile³
1163 3218 1250 3282 inter
1309 3264 1312 3270 Δ

189 3319 296 3404 ipsum
319 3329 353 3383 et
374 3319 468 3396 filios,
487 3329 687 3404 matremque
710 3320 855 3404 ipsorum
873 3319 1044 3404 Reginam,
1060 3320 1171 3383 odium
1192 3343 1250 3384 cx-

191 3431 308 3498 ortum,
325 3420 401 3504 quia
422 3442 548 3503 semper
568 3421 609 3482 ad
631 3420 760 3484 illicitas
784 3420 967 3484 enitebatur
987 3421 1249 3498 machinationes,

190 3522 230 3585 ab
246 3521 402 3584 Alienora
416 3521 545 3604 Regina
560 3521 704 3604 (propter
726 3522 814 3604 quod
836 3533 869 3584 et
885 3521 1115 3606 Hugucionem
1139 3521 1251 3584 Cardi-

190 3622 296 3685 nalem
319 3622 462 3705 legatum
486 3621 521 3683 in
546 3620 695 3704 Angliam
726 3621 877 3684 decuria
905 3621 1053 3685 Romana
1077 3623 1252 3685 transmitti

190 3723 402 3809 procuravit)
420 3722 557 3786 divortio
572 3721 721 3806 separari,
735 3732 768 3784 et
781 3721 857 3784 huic
871 3723 1075 3787 matrimonio
1087 3723 1249 3809 copulari3

192 3824 379 3908 ecquidem
398 3823 505 3886 animo
522 3833 560 3886 ut
581 3846 639 3908 per
660 3823 793 3886 heredes
810 3845 852 3886 ex
874 3823 943 3908 ipsa
964 3834 1140 3909 susceptos,
1155 3825 1252 3889 utris-

193 3950 257 4012 que
283 3937 349 3990 tam
376 3926 441 3989 suis
467 3929 565 4009 quam
587 3924 785 3989 Francorum
803 3925 935 4004 viribus,
956 3925 1078 4011 priores
1102 3949 1145 3990 ex
1159 3926 1252 3990 Alie-

229 4142 239 4176 ¹
258 4143 322 4194 This
339 4142 361 4194 is
379 4139 433 4193 also
446 4140 559 4193 asserted
577 4140 612 4211 by
626 4140 699 4233 Hyp·
776 4142 794 4222 '²
813 4141 877 4194 This
897 4141 920 4194 is
941 4142 1055 4222 lihewisc
1076 4143 1189 4197 asserted
1216 4143 1251 4214 by

193 4213 251 4279 den,
272 4211 398 4332 probablp
416 4228 485 4280 upon
508 4228 553 4262 our
584 4210 698 4263 authors
749 4211 862 4264 Richard
875 4211 904 4263 of
913 4212 1029 4278 Devrzes,
1043 4231 1068 4283 p.
1082 4216 1125 4269 aa

192 4281 332 4351 authority.

194 4352 271 4405 2397.

400 4279 479 4350 wysd.
503 4280 537 4332 X.
558 4280 649 4350 Script.
672 4298 697 4350 p.
783 4281 954 4348 ³Erorabilc,
969 4281 1028 4338 MS.
