3000 5040
286 476 349 538 138
586 490 770 540 GIRALDUS
795 489 1021 540 CAMBRENSIS

282 639 392 704 multis
406 641 441 703 in
455 641 535 704 urbe
549 641 627 705 locis
640 641 724 726 ignis
738 641 892 718 excrevit,
905 650 944 703 ut
957 639 1035 703 Rex
1047 639 1246 723 quamtotius
1261 662 1335 703 cum

281 741 348 804 suis
364 743 453 806 exire
468 744 647 827 urbemque
663 741 856 825 relinquere,
872 741 984 805 multis
999 763 1063 804 una
1078 763 1152 804 cum
1171 741 1250 804 urbe
1276 764 1335 827 per

282 844 529 907 maturationem
543 844 675 921 amissis,
692 843 848 929 compulsi
861 843 1009 907 fuissent.

325 945 409 1009 Cum
434 946 534 1030 igitur
560 947 652 1030 quasi
679 969 738 1031 per
766 947 831 1010 duo
855 946 896 1008 ab
924 945 1005 1009 urbe
1033 943 1179 1021 miliaria,
1202 943 1333 1009 Francis

277 1046 410 1132 filioque
435 1047 635 1132 fugantibus,
660 1049 729 1132 jam
755 1047 832 1112 Rex
859 1047 1006 1130 fugisset,
1028 1046 1063 1109 in
1088 1046 1169 1110 colle
1191 1047 1331 1130 quodam

276 1148 317 1211 de
344 1151 437 1234 cujus
460 1149 635 1213 eminentia
657 1150 771 1213 urbem
795 1149 957 1212 incensam
985 1147 1167 1232 prospicere
1191 1158 1330 1230 poterat,

276 1271 366 1312 versa
383 1250 476 1328 facie,
491 1252 626 1335 verbum
644 1251 866 1336 hujuscemodi
879 1250 1103 1335 apostaticum,
1118 1259 1157 1313 ut
1179 1260 1212 1313 et
1230 1249 1331 1313 altera

276 1351 344 1413 vice
372 1373 438 1413 non
465 1348 571 1414 minus
600 1352 804 1436 inpudenter,
831 1352 956 1416 emisit:
981 1352 1140 1416 “Urbem
1169 1374 1266 1434 quam
1294 1352 1329 1414 in

276 1452 369 1514 terris
391 1453 465 1537 plus
487 1451 597 1530 dilexi,
613 1453 646 1516 in
670 1476 735 1536 qua
756 1463 851 1516 natus
874 1453 996 1516 scilicet
1017 1463 1051 1515 et
1072 1453 1215 1517 nutritus
1230 1475 1327 1528 eram,

275 1552 332 1614 ubi
346 1563 380 1616 et
398 1564 490 1638 pater
511 1577 603 1617 meus
624 1555 780 1639 sepultuS,
797 1576 912 1638 corpus
928 1576 1058 1638 quoque
1082 1553 1192 1616 Sancti
1206 1553 1328 1616 Juliani

274 1656 475 1719 reconditum
494 1656 591 1740 jacet,
608 1655 759 1739 quoniam
781 1657 822 1719 ad
841 1655 1035 1718 confusionis
1057 1678 1139 1718 meae
1161 1656 1327 1718 cumulum

275 1771 308 1820 et
331 1757 493 1821 dedecoris
521 1768 732 1841 augmentum
760 1757 851 1834 mihi,
875 1757 978 1832 Deus,
1001 1756 1097 1820 hodie
1124 1767 1190 1820 tam
1220 1757 1326 1820 viliter

273 1858 445 1935 abstulisti,
475 1871 509 1922 et
536 1859 597 1923 tibi
626 1883 723 1943 quam
758 1868 872 1943 potero
901 1859 1054 1921 talionem
1087 1858 1228 1935 reddam,
1257 1881 1325 1921 rem

274 1979 371 2041 quam
407 1959 441 2021 in
475 1982 526 2021 me
562 1959 636 2043 plus
665 1959 824 2042 diligeres,
854 1959 915 2022 tibi
958 1958 1171 2044 proculdubio
1199 1960 1325 2022 subtra-

272 2059 409 2123 hendo.”
459 2061 506 2125 Et
533 2071 648 2138 cetera,
679 2084 754 2145 quae
784 2061 914 2144 quidem
947 2061 1114 2146 praeterire
1150 2061 1251 2144 magis
1291 2073 1324 2124 et

272 2171 475 2226 contemnere
491 2186 587 2247 quam
602 2163 718 2226 litteris
733 2163 925 2248 exprimere,
940 2163 1134 2248 prudentem
1149 2163 1250 2226 decet.

314 2263 555 2348 Opertinacem
578 2264 716 2328 hominis
732 2264 850 2349 abjecti
871 2264 1027 2328 malitiam
1051 2276 1084 2328 et
1109 2264 1320 2328 obstinatam!

271 2364 414 2449 Oquam
428 2367 541 2449 procul
563 2365 686 2429 abeati
707 2387 837 2449 quoque
854 2365 968 2429 Tobiae
991 2365 1146 2451 patientia
1176 2387 1229 2429 cor
1253 2367 1323 2450 ejus

270 2467 399 2530 aberat!
446 2463 515 2533 Qui
528 2476 561 2530 et
575 2466 839 2530 eleemosinarum
850 2467 1075 2550 largitionibus
1086 2476 1120 2530 et
1131 2467 1322 2551 sepeliendis

270 2567 447 2631 occisorum
461 2568 649 2652 corporibus
666 2590 791 2652 semper
799 2568 980 2633 institisset.
1017 2568 1196 2651 “Contigit
1213 2578 1321 2632 tamen

269 2679 307 2732 ut
322 2691 396 2733 cum
417 2670 470 2733 die
493 2671 633 2755 quodam
646 2669 802 2755 fatigatus
822 2692 841 2732 a
857 2670 1024 2755 sepultura
1044 2671 1174 2734 veniens
1189 2671 1320 2734 domum

266 2771 419 2855 jactasset
435 2794 468 2836 se
483 2773 583 2857 juxta
603 2771 768 2855 parietem,
784 2793 828 2834 ex
844 2771 921 2835 nido
942 2771 1125 2836 hirundinis
1147 2771 1319 2835 dormienti

267 2872 315 2935 illi
331 2873 431 2937 calida
442 2884 582 2937 stercora
590 2873 773 2937 insederent
787 2894 884 2957 super
898 2873 1017 2951 oculos,
1029 2873 1188 2957 fieretque
1203 2896 1318 2938 caecus·

268 2973 362 3038 Hanc
378 2986 487 3038 autem
507 2976 753 3059 temptationem
767 2975 840 3038 ideo
853 2975 1001 3058 permisit
1015 2975 1177 3039 Dominus
1191 2976 1319 3038 evenire

266 3075 325 3151 illi,
341 3088 380 3138 ut
403 3077 539 3158 posteris
567 3077 658 3140 daret
685 3076 872 3160 exemplum
898 3076 1066 3159 patientiae
1094 3076 1207 3159 ipsius,
1234 3077 1319 3141 sicut

265 3175 287 3238 J
288 3177 340 3240 ob.
386 3176 472 3240 Nam
487 3199 560 3239 cum
575 3178 614 3240 ab
623 3177 759 3240 infantia
772 3198 831 3240 sua
841 3176 1020 3239 Dominum
1033 3199 1158 3260 semper
1172 3178 1319 3242 timuerit

266 3288 300 3341 et
324 3279 473 3342 mandata
498 3279 580 3363 Ejus
603 3278 801 3356 custodierit,
828 3301 893 3340 non
915 3289 965 3341 est
984 3279 1190 3342 contristatus
1208 3291 1319 3344 contra

266 3378 443 3442 Dominum
457 3381 545 3462 quod
560 3379 655 3464 plaga
674 3379 828 3443 caecitatis
845 3380 953 3443 evenit
977 3380 1017 3445 ei.
1063 3380 1130 3444 Sed
1143 3381 1318 3446 immobilis

264 3483 300 3546 in
314 3482 379 3547 Dei
389 3483 504 3546 timore
518 3481 694 3567 permansit
708 3504 805 3566 agens
819 3482 936 3564 gratias
951 3481 1024 3546 Deo
1039 3483 1188 3547 omnibus
1203 3483 1316 3547 diebus

264 3585 340 3648 vitae
356 3607 434 3649 suae.
481 3583 567 3646 Nam
581 3583 665 3646 sicut
679 3593 788 3647 sancto
802 3582 824 3646 J
825 3585 866 3646 ob
886 3583 1086 3648 insultabant
1106 3607 1207 3668 reges,
1222 3585 1269 3648 ita
1282 3596 1317 3648 et

263 3688 318 3750 isti
332 3697 479 3772 parentes
501 3697 535 3750 et
548 3686 675 3770 cognati
690 3688 761 3771 ejus
775 3685 953 3750 irridebant
965 3687 1063 3750 vitam
1078 3689 1147 3772 ejus
1162 3687 1315 3764 dicentes,

265 3790 352 3852 ‘Ubi
372 3800 421 3853 est
443 3810 515 3873 spes
541 3799 598 3852 tua
611 3811 670 3872 pro
692 3811 757 3871 qua
779 3788 985 3866 eleemosinas
1007 3799 1040 3853 et
1059 3789 1239 3873 sepulturas
1258 3790 1316 3854 tri-

262 3891 400 3956 buistit’
445 3890 564 3954 Tobias
589 3911 664 3952 vero
689 3889 876 3973 increpabat
900 3912 954 3953 eos
974 3889 1092 3967 dicens,
1111 3890 1244 3954 ‘Nolite
1269 3891 1314 3956 sic

261 3993 362 4078 loqui,
379 3991 531 4077 quoniam
538 3991 599 4054 filii
610 3999 792 4054 sanctorum
803 4013 923 4068 sumus,
939 4002 973 4054 et
982 3991 1080 4056 vitam
1093 3991 1182 4056 illam
1197 4015 1315 4078 expec-

262 4105 366 4158 tamus
390 4117 487 4178 quam
512 4093 603 4157 Deus
626 4093 759 4156 daturus
782 4102 832 4155 est
847 4092 897 4156 his
917 4093 975 4176 qui
996 4094 1093 4157 fidem
1119 4117 1209 4158 suam
1231 4118 1314 4159 nun·

264 4218 360 4280 quam
372 4204 500 4259 mutant
514 4196 554 4258 ab
570 4194 629 4258 e0.’
673 4193 728 4256 Ad
739 4193 799 4256 hoc
814 4216 889 4257 vero
904 4217 989 4257 uxor
1004 4197 1074 4280 ejus
1086 4194 1183 4259 Anna
1195 4197 1313 4282 objecit

265 4298 313 4362 ei:
331 4296 526 4361 ‘Manifesta
541 4295 626 4359 facta
640 4305 689 4358 est
706 4317 786 4359 vana
807 4317 879 4380 spes
894 4305 960 4375 tua,
977 4306 1010 4360 et
1024 4297 1226 4363 eleemosina*
1245 4309 1312 4375 tuae
