3000 5040
438 497 486 547 nn
511 495 778 549 msrauononn
803 495 1018 548 samonum
1189 489 1250 552 131

199 645 348 722 destinat,
373 647 430 731 qui
453 647 540 732 pacis
567 647 703 723 obsides,
720 647 826 712 forum
840 649 1011 727 venalium,
1035 670 1130 712 naves
1154 660 1255 716 trans·

198 747 353 810 vectorias
369 747 550 812 transituris
565 749 767 832 promittant.

242 848 431 933 Imperator,
460 849 538 912 licet
559 872 689 912 suorum
718 849 851 934 plurimi
880 873 992 935 pacem
1016 875 1253 937 quamcumque

197 973 270 1013 cum
300 961 437 1033 tyranno
466 951 582 1034 pacisci
611 951 783 1015 molestum
811 963 975 1036 putarent,
1000 953 1115 1017 maluit
1144 964 1251 1020 tamen

196 1052 304 1114 foedus
326 1052 408 1115 inire
435 1052 578 1116 oblatum
605 1075 702 1136 quam
728 1052 855 1117 differre
878 1055 1099 1139 propositum
1127 1066 1162 1118 et
1183 1057 1251 1141 jam

195 1153 334 1216 instante
362 1153 485 1217 Pascha
513 1176 600 1217 mare
627 1154 710 1216 illud
739 1154 887 1218 strictum
912 1157 1138 1232 transvehitur,
1164 1159 1252 1241 quod

196 1255 370 1318 Brachium
398 1255 509 1319 Sancti
539 1255 674 1338 Georgii
703 1255 822 1318 usitato
847 1257 1004 1320 vocabulo
1032 1271 1250 1343 nuncupatur.

196 1356 270 1419 Hoc
283 1378 380 1433 mare,
397 1357 474 1420 licet
496 1356 600 1440 spatio
616 1355 801 1439 angustiore
817 1365 1027 1434 contractum,
1043 1380 1110 1421 non
1131 1359 1247 1424 humili

195 1468 302 1521 tamen
320 1457 422 1539 gloria
443 1457 635 1540 insignitum
653 1457 741 1539 quod
762 1457 877 1520 urbem
899 1467 1022 1521 tantam
1045 1460 1248 1543 praeterfluit,

195 1568 229 1621 et
266 1558 351 1620 orbis
387 1559 508 1642 gemini
537 1558 707 1620 discrimen
736 1558 868 1635 faciens,
906 1571 971 1623 tam
1001 1559 1113 1624 Asiam
1150 1583 1248 1644 quam

193 1661 358 1744 Europam
374 1660 538 1723 delambit.

619 1862 701 1927 Car.
718 1862 824 1928 XXI.

192 2008 244 2068 De
269 2006 389 2087 fraude
419 2004 551 2067 soldani
584 2005 689 2068 Iconii
711 2014 742 2067 et
766 2014 851 2067 terra
873 2006 973 2088 ipsias
993 2015 1069 2083 tota,
1097 2007 1193 2068 armis
1219 1996 1250 2066 et

234 2116 350 2193 inedia,
361 2116 517 2199 periculis
532 2116 639 2178 maltis
654 2115 803 2199 bellisque
810 2118 884 2198 fere
899 2119 1053 2180 continuis
1068 2126 1248 2199 transpene-

235 2228 332 2295 trota,
349 2220 461 2281 animis
484 2217 606 2304 quidem
630 2226 661 2279 et
687 2219 896 2295 animositate,
916 2219 1094 2302 prendique
1116 2219 1248 2305 hostiam

233 2328 351 2401 strepa,
365 2321 418 2380 oia
427 2321 574 2403 parata}

234 2468 417 2532 Sonnnrvus
434 2466 549 2542 Iconii,
559 2467 606 2528 vir
622 2466 777 2529 subdolus
792 2475 825 2529 et
840 2466 1028 2548 sanguinem
1044 2465 1242 2531 Christianos
1255 2505 1300 2545 Th,
1314 2507 1388 2546 Sum,

188 2593 262 2634 rum
285 2571 406 2646 sitiens,
423 2568 563 2653 quodam
582 2567 704 2631 fraudis
729 2577 906 2650 praetextu,
929 2590 1003 2630 cum
1026 2569 1144 2632 nostris
1164 2571 1242 2634 ami-
1254 2555 1380 2645 ἓξᾷἳῖξῖω

188 2673 297 2736 citiam
322 2671 485 2748 simulans,
509 2680 547 2733 ut
571 2669 749 2751 malignum
771 2668 869 2732 animi
891 2669 977 2731 virus
1001 2669 1164 2734 occultans
1188 2694 1242 2735 eos
1274 2668 1295 2695 ¹²¹

188 2775 215 2836 si
242 2783 351 2857 posset
374 2773 520 2837 incautos
546 2771 719 2855 disperdat,
743 2770 866 2833 nuntiis
899 2792 974 2833 sane
1006 2771 1047 2833 ad
1070 2769 1240 2850 Caesarem,

188 2897 262 2938 cum
290 2875 394 2938 adhuc
422 2875 457 2937 in
487 2873 617 2937 Graecia
645 2873 786 2956 degeret,
815 2894 881 2935 non
910 2872 1008 2935 semel
1037 2873 1241 2950 transmissis,

186 2987 364 3039 morantem
388 2976 594 3039 suscitaverat
615 2985 654 3038 ut
668 2975 800 3037 veniret.
847 2974 981 3037 Graecos
1000 2985 1034 3038 et
1049 2974 1241 3039 Graecorum

185 3079 363 3162 principem
393 3079 432 3141 de
461 3078 534 3140 dolo
563 3098 725 3152 accusans,
754 3098 788 3139 se
816 3074 1004 3139 Christianis
1027 3077 1177 3140 devotum
1208 3086 1242 3140 et

185 3180 314 3243 fidelem
336 3180 508 3264 pollicitus,
531 3179 588 3262 qui
611 3201 668 3241 sua
690 3187 723 3241 et
746 3200 820 3241 suos
841 3179 984 3242 venturis
1004 3187 1191 3263 exponeret,
1208 3188 1242 3242 et

187 3291 252 3345 tam
260 3283 367 3346 forum
378 3283 539 3346 venalium
554 3304 651 3365 quam
665 3280 836 3344 inoffensos
852 3281 1006 3343 transitus
1022 3281 1170 3344 omnibus
1183 3303 1241 3343 ex-

184 3383 320 3446 hiberet.
367 3384 475 3447 Caesar
488 3407 563 3446 vero
586 3385 659 3467 plus
682 3405 777 3465 aequo
793 3382 951 3460 credulus,
968 3382 1026 3465 qui
1048 3381 1138 3445 tales.
1153 3382 1240 3445 aesti-

184 3487 292 3548 mabat
306 3486 385 3547 alios
400 3487 528 3568 qualem
549 3507 582 3547 se
602 3485 671 3567 ipse
686 3493 828 3558 noverat,
845 3483 1001 3545 universis
1016 3482 1238 3545 comminando

184 3587 299 3663 edixit,
322 3608 363 3648 ne
389 3587 469 3648 fines
493 3584 695 3648 Turchorum
717 3583 852 3667 ingressi
879 3583 1052 3666 quicquam
1075 3592 1237 3666 raperent,

184 3688 240 3750 sed
286 3708 398 3771 pacem
435 3708 532 3768 quarn
565 3685 651 3769 pacti
687 3695 779 3747 erant
809 3683 984 3746 studiosius
1022 3683 1236 3748 observarent.

185 3788 238 3851 Sic
264 3811 340 3872 ergo
365 3787 502 3872 contigit
525 3796 562 3849 ut
590 3785 733 3870 praedam
759 3783 946 3859 maximam,
972 3804 1068 3866 quam
1096 3783 1131 3847 in
1160 3784 1237 3869 ipsis

183 3890 274 3972 regni
308 3888 417 3972 januis
447 3874 604 3951 Soldanus
643 3909 685 3949 ex
726 3885 885 3949 industria
925 3884 1098 3962 dimiserat,
1136 3887 1237 3950 nostri

182 4000 443 4075 praetermeantes
457 3988 822 4072 relinquerentomnino
845 3988 1008 4051 intactam.
1056 3985 1133 4050 Heu
1147 4010 1236 4052 mens

181 4094 349 4157 hominum
370 4092 498 4155 venturi
523 4091 646 4154 nescia!
693 4089 779 4153 Nam
802 4090 829 4153 si
852 4089 969 4153 famem
989 4089 1143 4167 futuram,
1173 4091 1236 4154 iter

180 4218 340 4281 asperum,
357 4195 483 4279 tyranni
499 4202 699 4278 praenossent
714 4192 855 4268 insidias,
871 4213 961 4273 casus
987 4195 1117 4275 quidem
1139 4198 1235 4261 obtna

416 4327 423 4358 ¹
443 4325 589 4400 Continued
600 4326 666 4379 from
680 4324 720 4377 De
730 4323 866 4389 Vinessuf,
878 4323 913 4377 ib.
926 4341 951 4394 p.
966 4315 1025 4378 262.
1112 4399 1127 4447 2

1075 4412 1092 4445 a
