3000 5040
414 495 463 545 on
488 491 755 546 msraucvrona
781 490 996 541 samareon.
1166 471 1228 542 171

175 643 310 727 gemmis
331 643 469 720 insertis,
491 642 677 726 principalis
698 642 903 706 excellentiae
925 643 1078 706 thronum
1099 642 1234 706 adornat

177 755 211 807 et
222 745 374 809 illustrat.

220 847 315 924 Item,
338 847 499 932 principes
512 846 652 910 vidimus
676 846 734 930 qui
759 869 824 910 non
843 846 953 910 lineali
972 846 1147 931 propagine
1170 846 1234 909 sibi

176 950 313 1014 invicem
327 951 545 1027 succedentes,
558 949 615 1014 sed
626 971 683 1033 per
696 950 851 1034 hysteron
866 958 1020 1034 proteron
1031 949 1151 1033 potius,
1161 970 1235 1033 per·

177 1075 241 1136 que
270 1053 375 1117 caedes
402 1075 535 1117 suorum
564 1063 598 1116 et
625 1064 746 1137 strages
774 1053 1032 1138 propinquorum
1060 1053 1231 1117 violentam

176 1155 286 1240 adepti
303 1155 564 1232 dominationem,
580 1164 724 1219 cruentae
747 1155 926 1238 tyrannidis
947 1177 1016 1219 suae
1040 1166 1073 1220 et
1094 1156 1232 1221 crudeli-

176 1257 252 1321 tatis
265 1257 375 1322 nimiae
401 1256 555 1321 talionem
579 1257 615 1320 in
640 1257 733 1321 terris
757 1256 883 1322 ultione
908 1257 1018 1322 divina
1040 1259 1230 1342 suscipiunt,

175 1381 299 1445 perque
322 1361 454 1444 sagittas
479 1370 579 1445 atque
596 1360 727 1424 balistas
745 1359 798 1422 vel
819 1360 1040 1445 oppressiones
1054 1360 1185 1426 bellicas
1200 1372 1234 1426 et

175 1460 309 1525 hostiles
344 1462 524 1525 invasiones
565 1462 781 1539 creberrimas,
823 1463 998 1527 innaturali
1038 1464 1232 1548 plerumque

112 1572 118 1591 ⁸
175 1574 278 1628 morte
295 1565 466 1642 decedunt,
480 1575 672 1650 perpetuam
686 1564 764 1628 alibi
777 1586 910 1650 poenam
923 1566 958 1628 in
974 1565 1143 1630 Gehennae
1155 1588 1233 1649 sup·
1255 1607 1256 1611 =

175 1665 273 1749 plieio
285 1668 519 1752 praestolantes,
534 1690 594 1733 nec
614 1668 691 1732 filiis
712 1677 771 1732 aut
790 1668 964 1752 nepotibus
986 1669 1138 1732 ceterisve
1158 1691 1233 1752 pro-

176 1767 307 1852 pinquis
330 1770 414 1834 male
439 1770 577 1854 quaesita
597 1771 757 1855 pejusque
780 1771 921 1848 detenta,
943 1780 1059 1835 cuncta
1079 1771 1232 1834 nimirum

176 1891 272 1952 grave
293 1871 389 1934 nimis
414 1880 448 1935 et
469 1894 616 1956 perverse
640 1873 829 1956 gubernata,
846 1873 1045 1956 relinquunt.
1092 1870 1140 1935 Hi
1156 1895 1231 1936 vero

177 1971 257 2035 sarie
280 1971 485 2037 haereditaria
507 1996 632 2058 semper
656 1983 689 2039 et
713 1977 788 2060 jure
810 1975 950 2040 naturali
974 1997 1074 2058 regna
1097 1984 1232 2059 paterna

176 2075 350 2153 consecuti,
365 2076 500 2141 modum
513 2085 548 2139 et
571 2076 762 2140 modestiam
776 2099 813 2141 ac
827 2077 1077 2166 misericordiam
1097 2077 1133 2140 in
1156 2079 1232 2142 sub-

176 2176 260 2240 ditos
283 2201 410 2242 summo
430 2201 527 2263 opere
551 2188 688 2256 servant,
703 2189 738 2242 et
761 2180 963 2243 atrocitatem
986 2203 1114 2243 omnem
1135 2191 1234 2264 atque

176 2278 332 2343 saevitiam
346 2280 381 2342 in
394 2279 551 2363 regimine
564 2280 679 2343 vitant.
724 2279 870 2363 Ideoque
891 2281 950 2344 diu
971 2303 1122 2364 prospere
1137 2281 1234 2344 simul

175 2389 210 2443 et
223 2381 396 2465 tranquille
418 2391 591 2466 regnantes
605 2391 689 2444 nutu
704 2381 822 2458 divino,
839 2381 896 2464 qui
911 2392 945 2445 et
959 2382 994 2444 in
1008 2381 1102 2445 terris
1115 2382 1232 2446 merita

175 2504 408 2568 nonnunquam
421 2484 507 2547 bona
518 2493 713 2559 remunerat,
728 2483 860 2546 honoris
873 2484 1071 2548 incrementa
1079 2485 1119 2547 de
1135 2483 1188 2546 die
1196 2485 1230 2547 in

175 2583 259 2647 diem
285 2585 441 2669 ampliora
466 2586 656 2670 suscipiunt,
672 2595 706 2648 et
732 2585 866 2649 decurso
892 2586 1022 2650 demum
1046 2587 1123 2650 vitae
1150 2596 1232 2649 tem-

174 2685 293 2768 poralis
311 2686 427 2770 spatio,
441 2687 506 2750 fine
525 2688 621 2750 beato
636 2686 836 2764 decedentes,
853 2696 886 2750 et
910 2697 1064 2751 aeternam
1085 2687 1120 2750 in
1143 2687 1232 2750 caelis

173 2787 422 2853 retributionem
447 2788 486 2851 de
509 2799 575 2852 tam
597 2788 653 2872 pio
674 2789 831 2872 justoque
853 2788 1007 2872 regimine
1028 2789 1231 2874 recipientes,

174 2887 250 2952 filiis
264 2888 329 2952 suis
345 2899 378 2953 et
390 2888 564 2953 heredibus
578 2911 637 2952 sua
650 2890 789 2955 feliciter
799 2913 898 2975 regna
912 2891 1115 2955 contradunt.

218 2988 314 3066 Item,
329 3012 403 3053 cum
417 2990 578 3074 principes
591 2991 648 3054 alii
661 2992 780 3055 bestias
794 3002 918 3056 atroces
928 3003 963 3056 et
972 3014 1111 3071 voraces,
1126 3015 1228 3071 ursos,

174 3090 291 3173 pardos
306 3099 340 3155 et
361 3091 470 3155 leones
493 3093 661 3156 assimilari
685 3115 791 3156 coram
804 3093 990 3158 hominibus
1015 3094 1050 3158 in
1072 3118 1228 3180 apparen-

174 3190 222 3254 tia
244 3191 388 3274 capiunt,
403 3192 507 3276 pictos
533 3193 678 3257 inarmis
699 3194 741 3259 ob
763 3193 941 3260 ferocitatis
961 3196 1118 3262 indicium
1142 3220 1227 3282 prae·

173 3291 280 3357 ferant
303 3302 337 3359 et
350 3293 497 3372 vexillis;
522 3294 557 3358 hi
573 3295 634 3359 soli
653 3295 834 3362 moralitate
848 3298 1004 3362 laudabili
1023 3299 1109 3363 sicut
1121 3300 1228 3363 verbis

175 3403 209 3459 et
229 3394 375 3477 gestibus
399 3394 445 3461 sic
469 3405 503 3458 et
522 3396 648 3460 actibus
674 3397 799 3462 cunctis
820 3399 953 3462 modum
977 3410 1013 3462 et
1037 3400 1227 3463 modestiam

174 3495 266 3578 sequi
280 3518 406 3562 summo
421 3519 517 3581 opere
528 3497 707 3581 cupientes
718 3508 753 3568 et
766 3499 979 3582 arrogantiam
987 3522 1114 3563 omnem
1129 3510 1228 3583 atque

173 3597 357 3680 superbiam
379 3597 478 3663 vitare
501 3598 656 3676 volentes,
671 3599 801 3683 clypeos
825 3610 860 3664 et
875 3600 994 3665 vexilla
1016 3623 1090 3664 eum
1112 3603 1228 3666 ceteris

175 3699 343 3769 armaturis
357 3699 557 3784 simplicibus
572 3709 700 3764 tantum
724 3700 857 3784 gladioli
879 3701 1020 3766 flosculis
1042 3702 1172 3786 signant
1193 3713 1227 3767 et

174 3811 298 3872 ornant.
586 3865 587 3868 ,

217 3902 342 3966 Mirum
366 3901 467 3986 igitur
492 3913 526 3966 et
548 3903 733 3987 praeeoniali
757 3903 911 3967 memoria
934 3904 1055 3988 pariter
1077 3913 1112 3967 et
1132 3904 1228 3968 laude

77 4038 81 4046 =
174 4003 406 4088 digussimum,
422 4005 510 4088 quod
532 4004 691 4088 sImplices
715 4005 901 4089 hujusmodi
922 4005 1016 4073 flores
1038 4005 1090 4070 his
1111 4007 1228 4069 nostris

174 4104 298 4182 diebus,
328 4114 368 4171 ut
401 4104 454 4169 hic
489 4104 600 4188 paucis
632 4105 819 4190 anticipatio
854 4106 921 4182 fiat,
958 4107 1073 4191 pardos
1101 4107 1228 4172 vincere

171 4203 310 4267 vidimus
329 4215 427 4290 atque
453 4205 571 4269 leones.
628 4205 716 4271 Quae
741 4206 891 4270 videlicet
915 4208 1030 4272 bestiae
1054 4208 1225 4284 terribiles,

171 4306 324 4370 mirandis
346 4307 478 4390 quidem
499 4329 608 4370 rerum
623 4307 802 4384 eventibus,
817 4309 921 4373 solum
946 4310 1043 4373 odore
1062 4309 1178 4374 florum
1193 4320 1227 4373 et
