3000 5040
446 534 494 584 on
520 533 785 585 msraucrroua
811 535 1025 587 rarnmrmr.
1195 505 1240 585 97

183 681 314 764 penitus
329 682 497 749 exactione
511 683 676 748 desistant.
716 683 752 747 Si
765 684 822 768 qui
834 707 910 748 vero
924 708 984 769 pro
996 683 1147 749 solvenda
1154 685 1239 750 forte

183 792 335 848 tenentur
357 795 390 849 et
411 786 452 848 ad
473 809 615 872 praesens
637 786 726 849 illam
751 786 873 850 solvere
897 788 1123 871 nequiverunt,
1148 787 1240 851 volu-

182 906 253 947 mus
279 895 318 949 ut
339 886 378 950 de
400 888 652 971 possessionibus
675 911 711 951 ao
734 888 803 951 aliis
824 888 917 951 bonis
932 911 1042 952 eorum
1066 889 1239 952 sufficienti

182 986 331 1050 cautione
344 999 483 1073 recepta,
496 1012 599 1074 usque
611 989 651 1052 ad
663 1012 774 1052 eorum
788 989 940 1064 reditum,
952 989 1014 1066 vel,
1030 990 1058 1052 si
1072 990 1119 1053 ibi
1131 991 1239 1054 deces-

182 1087 291 1164 serint,
307 1091 524 1176 receptionem
544 1091 651 1154 nuntii
671 1091 750 1155 certi
770 1090 809 1153 de
825 1091 928 1168 obitu,
945 1091 1114 1155 solutionis
1129 1093 1239 1155 termi-

181 1211 241 1252 nus
263 1202 464 1276 prorogetur,
485 1216 527 1256 ne
549 1193 736 1278 hujusmodi
759 1193 923 1256 occasione
947 1192 1150 1256 commodum
1172 1203 1238 1257 tam

182 1292 350 1355 necessarii
375 1293 436 1356 hoc
456 1303 601 1377 tempore
624 1293 748 1356 itineris
770 1293 899 1356 interim
923 1292 1039 1355 debeat
1061 1294 1237 1372 retardari3

181 1390 228 1454 ita
246 1401 353 1456 tamen
375 1404 413 1457 ut
432 1417 505 1457 cum
526 1394 691 1471 redierint,
712 1393 777 1457 sive
799 1415 909 1455 rumor
931 1403 1037 1455 certus
1058 1394 1238 1460 intonuerit

181 1493 221 1556 de
244 1505 347 1557 morte
365 1495 519 1579 ipsorum,
535 1494 686 1557 creditori
706 1495 746 1557 de
768 1503 853 1557 sorte
875 1493 978 1578 possit
992 1494 1138 1557 satisfieri
1153 1517 1239 1558 com·

180 1604 341 1680 patenter.
403 1595 528 1659 Verum
575 1596 653 1682 quia
689 1595 752 1660 nisi
794 1595 956 1658 Dominus
992 1605 1099 1658 custos
1138 1595 1237 1660 fuerit

181 1696 330 1774 civitatis,
345 1696 465 1760 frustra
478 1697 613 1782 vigilant
628 1698 775 1761 custodes
790 1697 887 1776 illius,
903 1718 963 1760 nec
983 1696 1112 1781 proficit
1136 1697 1237 1763 immo

182 1797 291 1861 deficit
309 1797 448 1862 humana
467 1799 598 1862 solertia
614 1799 641 1862 si
656 1798 764 1864 divino
787 1799 888 1863 fuerit
902 1797 1053 1881 suffragio
1070 1797 1234 1875 destituta,

180 1899 428 1962 misericordiam
443 1900 508 1963 Dei
523 1900 636 1964 sedulo
649 1910 724 1965 ante
739 1901 845 1964 omnia
859 1899 1009 1986 precibus
1030 1897 1186 1976 invocate,
1202 1910 1236 1964 et

178 2023 237 2085 per
249 2000 396 2065 ecclesias
411 2002 584 2085 praedicate
594 2003 718 2088 jugiter
729 2003 947 2079 invocandam,
961 2010 1075 2064 utnon
1090 2001 1236 2068 attendat

178 2103 366 2187 iniquitates
380 2103 503 2188 populi,
519 2104 575 2166 sed
594 2104 662 2167 sola
682 2105 886 2167 miseratione
908 2103 1124 2166 sanctuarium
1139 2124 1236 2169 suum

180 2215 214 2268 et
243 2228 286 2268 ex
321 2205 386 2269 alto
414 2216 565 2269 sanctam
599 2206 763 2271 civitatem
791 2206 970 2269 Jerusalem
1003 2214 1144 2282 tueatur,
1175 2228 1235 2269 uec

180 2328 250 2370 eam
274 2307 594 2370 nefandismanibus
619 2308 792 2391 impiorum
818 2305 1026 2371 contaminari
1054 2307 1233 2390 permittat.

180 2407 322 2491 Satagite
342 2408 439 2471 etiam
460 2418 500 2470 ut
517 2430 726 2492 quoscunque
749 2408 834 2471 inter
857 2429 890 2470 se
912 2406 1096 2470 inveneritis
1117 2406 1236 2470 discor·

179 2508 301 2584 dantes,
326 2530 380 2571 eos
409 2508 450 2571 ad
476 2531 589 2592 pacem
616 2509 734 2571 bonam
763 2518 797 2571 et
824 2507 1004 2571 animorum
1033 2506 1234 2570 concordiam

179 2608 404 2672 exhortatione
418 2617 476 2671 aut
490 2608 688 2672 districtione
704 2609 855 2672 canonica
872 2607 1039 2684 revocetis,
1055 2618 1094 2671 ut
1109 2609 1232 2674 cunctis

178 2709 396 2774 simultatibus
418 2720 452 2774 et
463 2709 543 2774 odiis
558 2711 742 2795 amputatis,
763 2710 968 2774 animosiores
990 2719 1024 2774 et
1036 2710 1136 2794 magis
1157 2733 1233 2774 con·

177 2811 287 2874 cordes
300 2811 480 2874 efficiantur
494 2811 534 2874 ad
548 2812 636 2875 illam
651 2821 779 2896 gentem
801 2812 972 2897 superbam
995 2811 1230 2890 conterendam,

176 2913 258 2976 etde
272 2914 418 2998 partibus
431 2913 495 2976 illis
510 2937 583 2977 cum
592 2914 715 2978 auxilio
724 2913 858 2977 Domini
872 2913 1002 2998 penitus
1018 2913 1230 2996 effugandam.

176 3015 247 3078 Nos
262 3015 358 3079 etiam
372 3038 481 3078 omnes
501 3016 573 3079 illos
597 3017 654 3101 qui
676 3017 710 3079 in
729 3015 872 3100 personis
892 3014 1031 3098 propriis
1046 3036 1084 3076 eo
1099 3015 1231 3092 vadunt,

175 3139 352 3202 eorumque
366 3116 504 3180 familias
523 3117 669 3193 mittunt,
686 3117 746 3180 sub
761 3116 849 3179 beati
865 3115 955 3178 Petri
971 3126 1004 3180 et
1026 3125 1134 3179 nostra
1157 3138 1231 3201 pro-

175 3219 325 3296 tectione,
356 3218 457 3282 donec
486 3219 641 3283 redierint
676 3219 763 3297 inde,
794 3218 994 3302 suscipimus,
1025 3228 1058 3281 et
1087 3218 1230 3281 omnium

174 3320 333 3384 bonorum
348 3343 479 3384 suorum
490 3331 609 3405 quanta
616 3320 764 3384 volumus
777 3320 947 3384 securitate
962 3320 1112 3402 gaudere.
1150 3319 1227 3387 Dat.

640 3626 721 3691 Car.
744 3625 789 3690 V.

174 3769 226 3830 De
254 3767 372 3831 Concita
392 3771 544 3833 Pictaaioe
563 3768 706 3832 Ricardo
726 3767 831 3850 primo
857 3767 1058 3848 magnatuw
1092 3765 1229 3850 Cisalpi-

218 3890 326 3931 norum
360 3892 450 3934 cruce
484 3873 619 3954 signatu,
660 3879 783 3953 tumque
824 3867 997 3952 cisalpinis
1030 3866 1229 3952 principibus

218 3991 311 4052 qaam
325 3979 356 4033 et
375 3973 526 4034 universis
541 3971 678 4057 exemplo
697 3971 781 4034 dato.

218 4120 285 4186 Hrs
320 4123 422 4206 igitur
450 4122 485 4184 in
521 4122 738 4185 transmarinis
769 4120 1039 4203 lerosolymorum
1068 4119 1225 4203 partibus,
1238 4141 1377 4241 marcha}-

173 4231 257 4285 nutu
272 4223 390 4303 divino,
407 4234 472 4291 tam
495 4224 536 4287 ad
550 4223 768 4288 ulciscendum
792 4223 899 4285 minus
919 4221 1095 4285 ferventem
1111 4220 1226 4286 Orien·
1239 4243 1281 4282 am
1307 4254 1341 4282 ror

1238 4293 1278 4331 Fre
1294 4291 1351 4330 arieli

551 4349 560 4383 ¹
581 4347 773 4418 Magistrorum,
787 4347 845 4400 MS.

1239 4403 1250 4431 0
1250 4403 1303 4430 11111
