3000 5016
219 454 262 518 96
530 471 713 525 ornamus
739 472 967 525 cananausrs

221 629 255 684 et
275 642 349 684 eum
372 621 474 685 acrius
491 632 690 706 perseqatur.
737 620 820 684 Cum
840 620 940 705 igitur
959 621 1059 706 ipsius
1084 622 1283 688 ierosolimi-

222 732 308 791 tanae
334 732 441 799 terrae,
465 722 549 789 siout
574 723 608 784 in
632 744 697 806 qua
722 721 868 786 Christus
894 722 1072 786 humanum
1097 747 1198 808 genus
1221 749 1280 796 sua

222 834 326 887 morte
346 824 492 901 redemit,
512 827 650 911 jacturae
670 847 728 887 seu
747 824 948 888 incommoda
970 826 1182 907 generaliter¹
1205 849 1281 891 oon-

223 924 350 1010 tingant
364 925 569 990 Christicolas
591 926 765 1004 universos,
789 925 911 1010 placuit
929 925 1034 1003 nobis,
1050 949 1124 991 cum
1146 929 1281 993 consilio

221 1025 369 1105 fratrum,
384 1028 474 1091 vobis
490 1027 630 1112 primum
645 1027 703 1111 qui
718 1027 752 1089 in
771 1026 901 1110 specula
916 1027 1058 1092 ecclesiae
1079 1018 1177 1113 positi
1192 1031 1279 1110 estis,

222 1129 338 1197 deinde
353 1129 433 1206 aliis,
448 1129 489 1192 ad
504 1128 691 1192 destinanda
712 1128 856 1191 subsidia
879 1128 941 1213 ipsi
957 1139 1063 1206 terrae,
1081 1141 1189 1194 nostra
1204 1132 1281 1196 diri-

221 1252 296 1314 gere
324 1231 452 1316 scripta.
514 1230 653 1294 Proinde
682 1251 832 1313 rogamus
862 1253 917 1294 vos
946 1240 980 1293 et
1009 1231 1217 1295 exhortemus
1245 1234 1280 1296 in

221 1330 375 1408 Domino,
390 1342 424 1396 et
442 1354 500 1416 per
514 1331 687 1416 apostolica
704 1331 823 1415 scripta
843 1331 1041 1409 mandamus,
1058 1335 1209 1416 quatinus
1224 1358 1280 1399 vos

219 1432 282 1517 ipsi
305 1433 347 1496 ad
371 1455 556 1497 succursum
572 1433 716 1518 ejusdem
731 1432 915 1516 provinciae,
930 1444 996 1496 tam
1015 1432 1049 1499 in
1071 1457 1279 1518 personarum

221 1557 319 1618 quarn
340 1558 448 1599 rerum
471 1535 631 1612 missione,
653 1534 775 1598 auxilia
797 1534 1012 1619 competentia
1035 1536 1278 1616 transmittatis3

221 1648 259 1702 ut
282 1637 348 1716 alii,
373 1661 447 1702 cum
470 1659 524 1701 vos
541 1636 680 1700 viderint
703 1636 764 1700 hoo
787 1646 928 1720 agentes,
951 1636 991 1699 ad
1016 1635 1208 1701 imitandum
1222 1661 1279 1702 vos

221 1739 370 1823 exemplo
392 1748 497 1802 vestro
521 1736 648 1800 facilius
676 1747 899 1820 provocentur.
953 1736 1124 1823 Subjectos
1147 1762 1279 1824 quoque

220 1849 341 1903 vestros
371 1839 542 1903 efficaciter
572 1837 733 1900 inducatis
760 1838 800 1900 ad
827 1838 888 1902 hoc
911 1825 1019 1924 ipsum
1047 1841 1216 1924 agendum,
1240 1853 1279 1906 ut

220 1963 295 2003 cum
308 1963 364 2004 vos
379 1950 413 2003 et
427 1939 475 2002 illi
497 1939 574 2002 socii
588 1938 716 2001 fueritis
730 1939 896 2022 passionis,
913 1941 1056 2006 debeatis
1071 1965 1149 2020 esse,
1165 1967 1278 2028 qnem-

219 2042 392 2105 admodum
418 2040 504 2104 dixit
528 2039 701 2125 apostolus,
726 2051 760 2104 et
784 2041 959 2127 participes
984 2045 1218 2121 consolationis,
1241 2069 1277 2110 ac

219 2143 414 2206 remissionis
439 2142 526 2206 illius
552 2165 626 2226 quae
654 2141 931 2226 proficiscentibus
954 2144 1042 2222 illuc,
1064 2145 1115 2209 vel
1138 2169 1277 2229 congrua

220 2244 370 2328 suffragia
381 2243 682 2321 transmittentibus,
697 2243 787 2328 prius
799 2245 1047 2328 apredecessore
1062 2258 1172 2312 nostro
1179 2250 1276 2314 bonae

219 2346 383 2409 memoriae
397 2344 555 2429 Gregorio
564 2367 657 2429 papa,
670 2354 703 2408 ct
716 2346 923 2430 postmodum
938 2370 957 2410 a
970 2349 1074 2424 nobiS,
1086 2350 1277 2432 generaliter

220 2459 270 2512 est
290 2448 426 2512 indulta.
471 2446 634 2512 Volumus
650 2457 759 2510 autem
782 2457 820 2510 ut
834 2447 973 2526 clericos,
991 2450 1048 2534 qui
1060 2462 1175 2514 vestrae
1193 2452 1277 2536 juris

220 2549 336 2613 ditioni
359 2548 549 2627 subsistunt,
570 2548 761 2612 auctoritate
788 2560 897 2617 nostra
919 2560 952 2613 et
971 2561 1075 2615 vestra
1098 2553 1217 2647 cogatis
1240 2565 1278 2617 ut

221 2653 261 2715 de
286 2652 379 2715 bonis
394 2674 468 2736 quae
493 2650 615 2714 habent
639 2661 733 2714 terrae
759 2651 808 2714 illi
833 2675 898 2716 non
924 2653 1075 2717 differant
1096 2656 1278 2722 subvenire.

222 2753 436 2819 Constituatis
452 2776 582 2838 quoque
596 2753 714 2838 singuli
728 2776 787 2838 per
798 2754 1001 2840 episcopatus
1011 2767 1133 2821 vestros
1147 2756 1277 2821 clericos

223 2857 387 2932 discretos,
407 2855 519 2918 fideles
544 2864 578 2917 et
603 2855 763 2939 providos,
785 2856 843 2940 qui
868 2857 1088 2921 subventionis
1109 2859 1279 2942 pecuniam

222 2958 363 3022 studiose
386 2955 535 3038 colligere
561 2957 709 3034 debeant,
734 2968 766 3021 et
796 2959 1025 3022 cumconsilio
1049 2971 1154 3023 vestro
1179 2970 1277 3044 atque

221 3059 357 3122 aliorum
378 3057 575 3142 prudentum
590 3058 729 3123 virorum
747 3060 771 3123 si
795 3083 922 3124 necesse
936 3060 1046 3138 fuerit,
1061 3062 1200 3125 fideliter
1214 3063 1278 3125 dis-

221 3164 379 3246 pensare.2
424 3157 507 3222 Sane
522 3159 719 3245 quicumque
733 3183 807 3224 vere
821 3161 983 3245 poenitens
1000 3162 1034 3225 in
1051 3185 1186 3248 persona
1203 3188 1278 3249 pro-

221 3261 293 3347 pria
306 3260 383 3323 illuc
397 3260 503 3337 iverit,
518 3261 735 3327 remissionem
749 3262 882 3325 habebit
897 3263 1040 3327 omnium
1062 3275 1276 3348 peccatorum.

223 3363 292 3430 Qui
306 3384 381 3426 vero
397 3362 547 3426 derebus
568 3363 634 3426 suis
648 3373 833 3448 competens
852 3363 1030 3428 subsidium
1046 3365 1223 3430 direxerint
1237 3368 1278 3430 ad

221 3475 329 3550 partes
352 3464 488 3541 easdem,
509 3463 574 3527 sive
596 3486 654 3549 pro
678 3488 710 3528 se
732 3464 872 3548 aliquem
891 3464 1048 3543 miserint,
1073 3466 1130 3550 qui
1148 3467 1196 3530 ibi
1217 3490 1277 3553 pro

222 3565 396 3630 Christiani
421 3565 535 3650 populi
564 3565 749 3629 defensione
778 3565 917 3628 debeant
942 3567 1116 3644 immorari,
1145 3569 1280 3632 arbitrio

220 3679 325 3733 vestro
338 3667 569 3732 committimur
582 3668 621 3730 de
644 3667 828 3731 remissione
850 3679 1065 3751 peccatorum,
1081 3670 1279 3735 considerata

220 3782 288 3834 tam
314 3768 469 3854 qualitate
498 3790 595 3853 quam
624 3767 846 3832 subventionis
876 3769 1069 3853 quantitate,
1098 3771 1176 3855 ipsis
1203 3795 1278 3835 vere

220 3869 466 3956 poenitentibus,
496 3868 708 3932 concedenda.
769 3869 933 3934 Praeterea
961 3871 987 3934 si
1015 3871 1073 3956 qui
1102 3873 1168 3936 sint
1193 3872 1279 3936 inter

220 3971 457 4058 proficiscentes
480 3969 557 4032 illuc
576 3969 634 4054 qui
661 3970 702 4033 ad
724 3971 920 4054 praestandas
945 3994 1058 4036 usuras
1081 3985 1277 4036 sacramento

130 4065 132 4070 ⁵
220 4082 391 4138 teneantur
413 4069 545 4147 astricti,
562 4070 733 4134 creditores
751 4092 862 4134 eorum
885 4073 1037 4136 canonica
1058 4097 1193 4138 censura
1209 4075 1277 4138 sine

219 4172 441 4260 appellationis
461 4170 691 4254 impedimento
709 4171 829 4255 cogatis
848 4184 885 4236 ut
908 4197 1019 4238 eorum
1039 4198 1059 4239 a
1080 4186 1276 4241 sacramento

337 4310 338 4313 ’
394 4313 405 4351 ¹
422 4311 469 4364 Bis
481 4311 508 4363 in
521 4310 579 4366 MS.
917 4315 928 4346 '
945 4315 991 4369 Bis
1003 4317 1029 4369 in
1043 4315 1102 4371 MS.
