3000 5040
259 470 303 534 90
573 481 755 534 aramnus
779 480 1006 532 cmaaausrs

259 631 397 696 terribili
426 631 550 696 cunctis
579 631 724 696 Franciae
753 631 940 716 proceribus
969 629 1130 714 exemplo,
1158 629 1313 693 comitatu

258 733 478 798 Viromanniae
493 732 638 817 privatus
652 744 701 798 est
716 755 821 796 comes
836 743 871 796 et
883 732 1082 796 hum1l1atus
1086 739 1092 768 ¹

95 863 216 924 Pamphy.
300 835 399 898 Anno
416 857 491 899 vero
515 840 696 918 sequente?
710 846 882 919 postquam
906 834 992 898 inter
1013 833 1141 917 Regem
1158 843 1192 896 et
1208 832 1316 898 Comi·

93 914 203 1054 {¹¹¹2ss
211 967 234 1004 at
256 945 323 1000 tem
337 936 498 1000 Flandriae
512 958 579 1021 pax
598 936 771 1000 reformata
784 935 892 999 fuerat
906 944 939 998 et
953 934 1149 1011 confirmata,
1166 944 1235 998 toto
1245 936 1314 1020 jam

94 1013 139 1103 lion
118 1025 224 1103 ⁰¹3¹le
256 1037 451 1101 Francorum
490 1061 600 1122 regna,
630 1048 750 1122 praeter
785 1047 885 1100 terras
914 1035 1098 1121 Anglorum
1132 1035 1244 1119 Regis,
1273 1035 1315 1098 ad

95 1113 201 1203 ididia
255 1139 385 1203 libitum
406 1140 507 1223 Regis
531 1140 677 1204 Franciae
703 1139 903 1224 complanato
930 1148 963 1202 et
985 1137 1051 1200 fort
1038 1147 1149 1201 tunate
1172 1138 1313 1214 redacto,

255 1241 459 1324 suggestione
489 1242 636 1326 Philippi
670 1240 805 1306 Comitis
841 1241 1014 1316 Flandriae,
1044 1240 1178 1304 vindicis
1214 1239 1312 1302 animi

255 1365 378 1406 veneno
404 1343 528 1421 infecti,
546 1344 743 1407 Francorum
765 1343 843 1406 Rex
867 1343 902 1405 in
927 1341 1106 1407 Henricum
1130 1340 1312 1424 Anglorum

257 1442 383 1528 Regem
422 1467 510 1508 arma
547 1467 673 1510 sumere
705 1455 739 1507 et
767 1444 954 1509 Alverniam
989 1443 1125 1508 viriliter
1152 1443 1313 1506 vindicare

257 1545 408 1610 decrevit.
454 1546 658 1631 Praeceperat
686 1545 773 1610 enim
804 1556 896 1630 pater
924 1545 1003 1622 filio,
1032 1545 1068 1608 in
1096 1545 1212 1608 ultimo
1240 1567 1314 1608 con-

257 1648 392 1715 stitutus
406 1649 552 1725 articulo,
569 1659 728 1732 quatenus
749 1649 825 1732 jura
838 1670 964 1711 corouae
986 1647 1084 1731 regiae
1101 1647 1178 1710 totis
1192 1647 1315 1710 viribus

256 1760 428 1813 revocaret.
463 1749 520 1812 'Et
547 1750 583 1812 in
608 1749 729 1832 primis,
759 1760 798 1812 ut
823 1748 1020 1824 Alverniam,
1050 1749 1090 1811 de
1120 1771 1185 1832 qua
1212 1750 1316 1833 major
1386 1751 1390 1754 ’

257 1860 291 1914 et
316 1849 516 1913 manifestior
544 1849 664 1932 injuria
685 1847 804 1926 fuerat,
828 1849 912 1911 sicut
939 1849 1196 1913 benedictionem
1224 1872 1315 1913 suam

256 1950 374 2014 habere
400 1949 538 2026 volebat,
564 1971 683 2013 mensae
712 1948 813 2032 regali
842 1949 1063 2032 reintegraret.
1123 1949 1315 2013 Convocatis

255 2051 356 2136 igitur
380 2051 533 2134 utrinque
547 2049 668 2114 viribus
689 2049 852 2115 immensis
873 2060 907 2114 et
929 2050 964 2112 in
986 2050 1133 2135 partibus
1148 2051 1313 2115 Alvemiae

257 2153 430 2229 consertis3
453 2152 528 2215 hinc
542 2151 750 2235 paucioribus
765 2152 820 2215 sed
841 2151 1032 2236 potioribus,
1048 2153 1178 2216 armatis
1193 2153 1313 2237 quippe

256 2254 370 2318 melius
386 2264 419 2317 et
434 2252 637 2331 exercitatis3
660 2252 749 2317 illinc
764 2253 974 2317 multitudine
991 2254 1124 2337 quidem
1140 2254 1244 2317 multa
1258 2256 1314 2317 sed

256 2355 478 2439 incomposita,
490 2377 549 2418 nec
563 2357 604 2418 ad
619 2354 890 2437 congrediendum
906 2377 948 2417 ex
964 2356 1057 2419 corde
1074 2356 1209 2433 devota;
1233 2379 1313 2440 quo·

258 2457 336 2520 tidie
357 2467 456 2521 terras
474 2455 639 2520 Alverniae
666 2465 811 2519 autnon
835 2455 1027 2520 rebellantes
1050 2457 1112 2521 sibi
1135 2458 1313 2541 occupavit,

257 2568 315 2622 aut
339 2557 487 2622 resistere
513 2558 664 2645 nitentes,
688 2557 721 2620 in
745 2557 816 2642 ipso
838 2557 939 2642 partis
964 2559 1104 2623 adversae
1129 2570 1314 2643 conspectu,

257 2659 400 2723 eaedibus
427 2659 664 2724 exterminavit.
709 2658 786 2722 Rex
813 2668 922 2720 autem
946 2657 1109 2722 Hemicus
1135 2659 1177 2723 ad
1205 2659 1314 2723 solitas

256 2761 411 2824 versutias
444 2783 477 2824 se
511 2771 710 2837 convertens,
735 2761 870 2823 barones
908 2759 1064 2837 Franciae,
1089 2760 1314 2845 comitemque

258 2864 419 2929 Flandriae
441 2865 616 2949 praecipue,
635 2862 745 2928 multis
767 2885 856 2927 more
879 2873 1033 2927 consueto
1053 2874 1119 2927 tam
1141 2864 1315 2949 praemissis

258 2988 355 3049 quam
379 2966 553 3049 promissis,
569 2966 610 3028 ad
633 2986 824 3027 consensum
847 2964 1059 3042 sollicitando,
1077 2988 1142 3030 non
1167 2965 1314 3050 profecit.

259 3066 374 3130 Comes
389 3066 474 3129 enim
490 3065 671 3150 Philippus,
691 3065 820 3149 injuriae
842 3087 909 3130 non
930 3065 1098 3130 immemor
1120 3067 1185 3130 alta
1206 3077 1316 3130 mente

172 3242 174 3246 ¹
258 3167 419 3250 repositae,
444 3166 582 3250 qualiter
610 3166 688 3229 Rex
710 3165 855 3230 Franoiae
885 3165 1073 3230 comitatum
1094 3167 1315 3232 Viromanniae

258 3291 317 3352 per
339 3268 446 3351 ipsum
470 3267 533 3331 sibi
554 3266 651 3351 paulo
666 3277 740 3330 ante
755 3267 969 3344 subtraxerat,
987 3265 1195 3352 (quamquam
1208 3279 1316 3333 tamen

260 3393 335 3434 eum
359 3379 474 3432 mutuo
501 3391 597 3454 super
622 3369 748 3433 auxilio
776 3367 839 3432 sibi
862 3368 1009 3446 invicem,
1026 3380 1137 3433 contra
1154 3371 1316 3456 juveniles

260 3472 404 3556 ejusdem
442 3471 593 3556 impetus,
631 3471 844 3535 communiter
876 3470 997 3534 viribus
1038 3471 1195 3556 utrisque,
1233 3473 1317 3537 sicut

260 3573 411 3638 facillime
436 3583 589 3658 poteraut
608 3572 834 3649 conservando,
857 3572 1048 3637 multociens
1078 3583 1153 3637 ante
1177 3574 1317 3638 inaniter

261 3675 391 3739 omnino
409 3675 621 3758 solicitasset,)
637 3675 752 3738 acriter
769 3673 874 3737 eidem
891 3673 1129 3758 improperavit.
1175 3675 1317 3739 Barones

260 3788 369 3842 autem
395 3777 460 3856 alii,
484 3786 616 3861 propter
638 3776 736 3840 fidem
759 3775 845 3858 Regi
870 3785 904 3839 et
929 3797 1028 3858 regno
1051 3777 1246 3856 servandam,
1262 3777 1317 3841 alii

260 3903 335 3944 vero
349 3889 483 3964 propter
503 3888 638 3955 metum,
658 3901 699 3941 ne
723 3877 764 3940 ad
778 3875 880 3959 Regis
897 3876 1046 3940 notitiam
1067 3877 1103 3941 id
1123 3879 1316 3962 perveniret,

263 3983 319 4066 qui
347 3983 442 4065 longe
471 3991 573 4065 patre,
601 4001 698 4063 quem
728 3978 773 4042 sic
802 3977 921 4041 totiens
943 3979 1054 4043 fallere
1080 3991 1317 4059 consueverant,

298 4139 306 4170 ¹
326 4138 357 4190 In
365 4137 409 4190 the
421 4156 482 4208 year
493 4141 570 4191 1185.
579 4138 627 4189 See
637 4136 764 4206 Rigordus
926 4138 937 4168 ⁹
954 4155 1006 4190 111.
1025 4136 1101 4190 1187.

262 4227 297 4333 bb
298 4208 346 4331 (1111
359 4207 468 4275 chesne,
477 4225 503 4277 p.
516 4211 557 4275 13,
567 4206 617 4260 and
630 4206 767 4276 Diceto,p.
