3000 5040
96 1787 204 1876 Ttho-

95 2236 172 2326 hande
165 2285 186 2327 d.

262 483 325 546 114
573 501 755 552 ermanus
776 501 1006 552 cananensrs

262 667 389 730 cunque
427 649 523 711 modo
551 673 585 713 se
621 650 761 714 habeant
788 649 971 734 praesentia,
1006 647 1089 731 grati
1117 646 1235 722 simus,
1265 645 1317 708 vel

262 747 487 812 consolationis
510 749 575 812 Dei
594 762 726 836 propter
745 752 872 828 blanda,
892 751 942 813 vel
958 749 1096 835 justitiae
1118 759 1251 832 propter
1267 769 1317 809 as·

259 870 347 933 pera.
394 849 485 913 Bona
494 851 580 914 enim
593 854 766 936 praesentia
779 875 798 915 a
813 852 885 916 Deo
894 851 987 914 nobis
1002 852 1126 926 donata,
1140 847 1315 912 consolatio

261 960 356 1026 sunt3
374 973 447 1014 curn
462 953 588 1030 desunt,
598 954 727 1039 justitia
741 965 799 1018 est.
832 953 1023 1017 consolatur
1038 953 1122 1015 enim
1138 973 1196 1014 nos
1211 950 1313 1026 Deus,

254 1061 295 1114 et
310 1052 468 1116 emendat.
514 1053 554 1116 In
569 1065 709 1138 utroque
724 1055 825 1138 igitur
841 1055 883 1116 Ei
897 1053 980 1137 grati
995 1052 1125 1116 simus.'’

696 1337 777 1401 Car.
795 1337 880 1400 XII.

263 1493 371 1564 Quare
398 1518 431 1558 se
462 1517 543 1559 nunc
569 1497 692 1580 segnius
722 1520 814 1582 quam
847 1498 920 1560 olim
947 1496 1143 1560 Narmannic
1175 1495 1314 1578 defendit

509 1605 608 1682 qnaest
595 1600 638 1660 tio
645 1600 720 1680 fact
720 1620 751 1674 a,
767 1620 783 1659 e
785 1600 1057 1682 ttarerponsio
980 1598 1068 1662 datar.

266 1772 414 1836 Cluen
442 1773 514 1836 haec
543 1773 653 1836 eadem
679 1772 747 1836 fere
769 1781 924 1856 tempora,
949 1795 1022 1834 cum
1046 1772 1085 1835 de
1108 1771 1201 1835 variis
1230 1771 1315 1834 inter

95 1887 146 1926 mi
96 1847 233 1982 ΕΣῃῗέᾱάὴῗ
262 1874 370 1957 Reges
384 1874 587 1937 conflictibus
594 1883 635 1937 et
656 1873 916 1937 infestationibus
936 1873 1065 1950 crebris,
1081 1895 1225 1936 sermone
1240 1896 1315 1936 con-

94 1987 126 2025 ra
94 1937 201 2076 Egffi
180 1989 223 2025 n
262 1985 357 2052 sert0,
388 1975 509 2038 mentio
538 1975 623 2038 forte
650 1975 735 2038 sacta
763 1973 889 2051 fuisset,
914 1975 968 2037 ille
998 1974 1055 2058 qui
1092 1973 1218 2058 scripsit
1243 1974 1314 2037 haec

94 2087 199 2186 ἔρξω
123 2086 235 2127 nebahan
262 2076 413 2161 quaesivit
441 2099 460 2139 a
487 2075 654 2140 Rannulfo
680 2076 719 2140 de
744 2076 924 2153 Glanvillis,
946 2076 1004 2160 qui
1034 2075 1256 2139 seneschallus
1282 2087 1316 2138 et

125 2187 215 2226 rewun
261 2178 282 2242 J
284 2178 464 2242 ustrcrarrus
479 2176 609 2261 Anglioe
625 2187 702 2241 tunc
717 2177 914 2262 fueratque
928 2201 1004 2241 casu
1019 2200 1122 2262 quove
1136 2176 1315 2240 infortunio

259 2281 294 2343 id
308 2279 468 2354 acciderit,
486 2279 661 2362 quodcum
676 2279 785 2343 Duces
800 2279 1022 2356 Normanniae,
1040 2280 1160 2342 ducatu
1173 2277 1314 2362 primum

260 2390 370 2451 contra
399 2380 595 2444 Francorum
625 2379 730 2465 Reges
759 2381 880 2444 viribus
917 2392 951 2444 et
987 2381 1083 2444 armis
1122 2380 1313 2463 conquisito,

256 2493 374 2546 terram
408 2483 542 2546 eandem
579 2491 688 2546 contra
727 2483 871 2566 singulos
901 2483 1020 2568 Reges,
1050 2482 1134 2546 sicut
1170 2482 1314 2545 historiae

257 2585 429 2660 declarant,
446 2595 511 2648 tam
527 2584 651 2668 egregie
668 2585 893 2661 defenderunt,
910 2585 999 2668 quod
1012 2583 1185 2648 nonnullos
1200 2606 1313 2647 corum

257 2687 353 2753 etiam
369 2687 507 2770 turpiter
524 2685 686 2749 confectos
708 2695 797 2770 terga
820 2687 905 2763 dare,
929 2686 1093 2770 solamque
1120 2686 1208 2770 fugae
1230 2707 1314 2770 prae-

257 2789 337 2852 sidio
353 2789 490 2852 salutem
505 2810 651 2871 quaerere
667 2788 901 2872 compulerint3
925 2812 1011 2852 nunc
1024 2812 1088 2852 una
1102 2812 1176 2852 cum
1191 2787 1315 2872 Anglo-

256 2913 328 2954 rum
349 2912 458 2974 regno,
475 2889 633 2972 terrisque
648 2890 866 2953 transmarinis
884 2901 935 2954 tot
949 2902 982 2955 et
998 2892 1095 2954 tantis
1116 2913 1184 2954 suae
1199 2890 1313 2954 ditioni

257 2992 400 3074 adjectis,
416 2991 523 3052 minus
537 3000 688 3072 potenter
703 3000 736 3052 et
753 2991 986 3055 insufficienter
1008 3015 1041 3054 se
1057 2993 1229 3056 defendere
1246 2993 1313 3076 jam

257 3093 437 3156 videantur.
483 3090 531 3152 At
560 3091 627 3167 ille,
651 3091 776 3174 sapiens
803 3102 843 3154 ut
869 3104 938 3156 erat
966 3093 1063 3156 simul
1089 3105 1123 3157 et
1149 3094 1314 3178 eloquens,

258 3192 352 3255 solita
377 3191 532 3274 gravitate
554 3191 772 3274 eloquentiam
795 3204 940 3271 ornante,
963 3195 1023 3256 sub
1047 3196 1184 3278 quadam
1209 3218 1314 3258 moro-

258 3294 353 3357 sitate
394 3293 606 3356 attentionem
648 3303 862 3378 comparante,
903 3295 1091 3379 respondit:
1138 3295 1314 3359 “Duobus

258 3417 372 3480 parum
397 3404 472 3456 ante
496 3394 668 3458 adventum
691 3394 952 3460 Normannorum
974 3395 1078 3473 bellis,
1100 3393 1204 3480 primo
1227 3396 1315 3458 Pon-

258 3495 392 3560 tiacensi
418 3495 503 3558 inter
532 3493 734 3561 Lodovicum
760 3496 896 3581 Regem,
920 3497 1034 3560 Karoli
1063 3497 1178 3580 Magni
1200 3496 1315 3572 filium,

259 3610 292 3663 et
316 3598 556 3676 Gurmundum,
581 3599 720 3662 secundo
748 3609 823 3663 vero
853 3600 948 3686 longe
977 3611 1050 3685 post
1078 3598 1314 3676 Kamaracensi,

260 3701 428 3785 Radulphi
457 3723 500 3765 sc.
527 3700 771 3766 Kameraeensis
799 3703 930 3767 levitate
959 3703 1079 3787 pariter
1105 3712 1138 3766 et
1167 3701 1315 3764 animosi-

260 3814 337 3880 tate,
367 3805 447 3867 adeo
483 3812 584 3866 totam
611 3804 680 3867 fere
716 3804 862 3868 Franciae
894 3807 1102 3890 juventutem
1139 3803 1314 3866 extinctam

259 3905 358 3969 fuisse
382 3905 530 3968 funditus
552 3916 586 3968 et
603 3906 811 3982 exinanitam,
827 3917 865 3969 ut
892 3917 966 3970 ante
991 3906 1061 3968 haec
1077 3917 1221 3991 tempora
1242 3927 1315 3967 nos-

261 4018 310 4071 tra
345 4007 574 4070 numerositate
613 4006 744 4070 minime
774 4006 890 4070 fuisset
918 4008 1125 4072 restaurata.”
1184 4006 1316 4090 Adjecit

258 4109 298 4171 iis
320 4109 415 4172 etiam
443 4109 500 4191 qui
528 4108 655 4193 scripsit
683 4109 763 4184 haec,
789 4108 859 4192 ipso
884 4110 1014 4192 quidem
1043 4132 1204 4173 assensum
1232 4131 1316 4192 prae-

258 4210 366 4286 bente,
395 4211 482 4293 quod
512 4221 655 4294 tempore
684 4210 825 4286 Ducum,
851 4210 1038 4295 priusquam
1062 4211 1169 4293 Reges
1199 4210 1314 4285 effecti,

258 4311 398 4374 violento
441 4311 608 4374 dominatu
645 4322 679 4374 et
722 4311 853 4374 insulari
897 4312 1064 4396 tyrannide
1109 4311 1312 4374 Normannos
