3000 5040
279 451 320 511 54
593 464 774 516 GIRALDUS
800 464 1025 514 CAMBRENSIS

281 611 411 696 Anglia,
428 614 521 678 sicet
543 614 577 677 in
590 613 771 691 Hibernia,
786 613 921 698 singulis
935 613 1084 677 domibus
1109 635 1215 677 annua
1239 613 1336 677 unius

279 714 401 778 denarii
425 715 589 799 pensione,
611 725 713 780 ratam
728 716 882 779 habemus
897 725 931 778 et
952 715 1185 779 confirmamus.
1242 715 1334 782 Qua-

281 826 376 879 tenus
406 816 578 881 eliminatis
593 826 687 880 terrae
702 817 791 880 illius
812 815 983 901 spurcitiis,
997 816 1133 880 barbara
1154 817 1243 880 natio
1260 840 1334 901 quae

283 915 467 981 Christiano
479 928 627 982 censetur
648 919 777 983 nomine
792 928 896 982 vestra
914 917 1116 1002 indulgentia
1136 941 1263 982 morum
1286 919 1335 981 in-

273 1018 361 1099 duat
374 1027 587 1083 venustatem.
632 1018 678 1082 Et
691 1020 820 1083 redacta
832 1019 868 1082 in
881 1019 1017 1083 formam
1035 1019 1190 1085 hactenus
1203 1020 1333 1083 informi

277 1120 392 1184 finium
403 1120 535 1195 illorum
548 1121 691 1198 ecclesia,
706 1143 784 1206 gens
798 1144 836 1187 ea
856 1144 915 1206 per
928 1143 983 1185 vos
999 1120 1189 1186 Christianae
1210 1120 1332 1206 profes·

278 1221 376 1286 sionis
388 1244 506 1287 nomen
520 1245 595 1286 cum
609 1223 726 1287 effectu
740 1223 781 1288 de
796 1233 915 1287 caetero
929 1223 1174 1307 consequatur.”

714 1426 795 1491 Cur.
820 1427 906 1492 XX.

606 1579 791 1643 Cassiliense
810 1579 1006 1644 Coocilimn.1

179 1765 206 1804 y,
320 1719 543 1785 Cassrnrnnsu
573 1743 704 1806 quoque
734 1720 906 1785 concilium
934 1742 1006 1785 cum
1045 1720 1330 1785 constitutionibus

273 1823 340 1886 suis
360 1846 379 1885 a
404 1823 561 1908 praedicto
582 1824 643 1887 hoc
665 1823 749 1886 libro
771 1846 832 1887 nec
851 1822 997 1886 indebite
1017 1821 1207 1886 translatum
1229 1823 1331 1886 lector

273 1924 426 1988 advertat.
472 1931 492 1960 ‘⁶
507 1924 630 1988 Silente
650 1924 752 2008 igitur
774 1923 887 1986 insula·
906 1924 941 1986 in
970 1932 1143 2006 conspectu
1167 1922 1270 2006 Regis
1295 1935 1328 1987 et

273 2026 446 2110 tranquilla
463 2027 533 2111 jam
545 2048 624 2111 pace
645 2026 819 2109 gaudente,
834 2025 990 2088 Ecclesiae
1013 2023 1079 2087 Dei
1101 2024 1198 2088 decus
1221 2024 1328 2088 Chris-

272 2126 363 2211 tique
403 2127 527 2191 cultum
567 2127 603 2190 in
635 2126 783 2211 partibus
818 2125 883 2188 illis
915 2125 1152 2208 magnificandi,
1179 2125 1326 2209 ampliori

272 2228 429 2292 desiderio
445 2228 523 2291 Rex
546 2249 707 2304 accensus,
731 2225 834 2290 totius
858 2225 934 2290 cleri
958 2226 1128 2315 Hiberniae
1153 2227 1324 2290 concilium

271 2329 359 2415 apud
388 2328 552 2399 Cassiliam
588 2327 783 2397 convocavit.
828 2327 898 2392 Ubi
932 2327 1097 2412 requisitis
1134 2339 1168 2392 et
1203 2328 1323 2392 auditis

269 2431 400 2516 publice
427 2440 522 2495 terrae
550 2429 638 2499 illius
666 2439 701 2493 et
727 2429 837 2513 gentis
862 2439 929 2493 tam
953 2429 1197 2507 enormitatibus
1225 2452 1322 2513 quam

269 2533 442 2616 spurcitiis,
457 2541 492 2594 et
505 2532 540 2594 in
550 2531 668 2616 scripta
677 2530 774 2594 etiam
786 2531 847 2594 sub
858 2528 963 2614 sigillo
975 2528 1091 2612 Legati
1101 2529 1324 2594 Lismoriensis

271 2635 342 2718 (qui
357 2633 483 2698 caeteris
503 2633 624 2696 ibidem
649 2632 806 2716 dignitate
834 2641 912 2695 tuuc
936 2631 1086 2715 praeerat)
1103 2653 1145 2693 ex
1166 2631 1324 2694 industria

267 2736 421 2814 redactis;
458 2733 704 2799 constitutiones
732 2755 845 2812 sacras,
877 2755 951 2816 quae
992 2733 1096 2797 adbuc
1128 2742 1252 2810 extant,
1282 2735 1322 2802 de

267 2837 477 2902 matrimoniis
498 2835 732 2911 contrahendis,
756 2835 795 2898 de
818 2834 949 2913 decimis
974 2834 1095 2915 dandis,
1120 2835 1159 2898 de
1182 2834 1322 2899 ecclesiis

268 2939 377 3001 debita
391 2937 560 3000 devotione
575 2934 761 3000 venerandis
776 2945 809 2999 et
823 2935 1078 3018 frequentandis
1099 2936 1319 3018 quamplures

268 3039 384 3116 emisit,
407 3038 549 3102 ecclesiae
563 3036 651 3100 illius
673 3045 792 3100 statum
807 3037 849 3099 ad
863 3034 1052 3118 Anglicanae
1075 3035 1229 3099 Ecclesiae
1255 3036 1321 3100 ior-

266 3162 351 3202 mam
365 3139 510 3222 redigere
524 3137 627 3203 modis
641 3137 789 3201 omnibus
803 3135 1026 3210 elaborando.'’

689 3337 769 3413 Cur,
795 3337 898 3403 XXI.

267 3442 475 3575 Tituliliepis
485 3491 621 3555 Hearici
629 3489 765 3555 Secundi
773 3490 884 3574 defice
898 3489 1122 3576 Topoqraplrioe
1131 3493 1318 3576 Hyberoicae

652 3593 725 3656 hinc
739 3594 935 3677 transcripti.

121 3796 146 3824 0„
171 3787 249 3828 ’seom-
307 3722 507 3810 PnAEraunA
523 3752 557 3806 et
579 3764 617 3806 ea
631 3712 761 3827 quodue
777 3764 853 3826 quae
868 3744 908 3806 ad
929 3743 1031 3828 Regis
1045 3745 1189 3830 ejusdem
1204 3746 1317 3810 titulos

97 3845 146 3874 ”¹¹¹
160 3837 223 3877 ²³⁰³·
262 3849 297 3912 in
318 3848 381 3911 fine
398 3845 595 3930 Hybernicae
617 3855 736 3909 nostrae
759 3845 877 3929 scripta
898 3847 1104 3930 reperiuntur
1127 3858 1160 3911 et
1174 3849 1238 3912 huc
1252 3871 1316 3912 non

260 3949 411 4012 inmerito
439 3946 605 4011 transferri
635 3946 786 4009 debent<¹
813 3945 900 4011 Quae
933 3947 1064 4031 quidem
1092 3949 1170 4013 licet
1198 3949 1313 4013 blande

260 4049 498 4132 aliquantulum
526 4045 694 4111 videantur
729 4047 860 4126 emissa3
884 4059 965 4132 puta
987 4072 1061 4133 quae
1083 4049 1220 4135 principi
1242 4073 1314 4134 reg—

259 4152 349 4217 nanti
379 4151 483 4215 adhuc
513 4160 546 4213 et
575 4149 610 4212 in
639 4149 771 4234 sceptris
803 4159 954 4233 potenter
989 4152 1098 4235 agenti
1135 4151 1314 4237 conscripta

470 4290 477 4319 ¹
498 4291 587 4342 Takcn
599 4289 664 4341 from
676 4288 720 4340 the
734 4288 857 4358 Expugn.
871 4289 969 4358 Hybcr.
982 4306 1007 4358 p.
1023 4289 1083 4344 776,
