3000 5040
419 534 468 584 ur
493 532 760 583 rnsrnncrronn
787 531 1002 582 rnrncrrun.
1200 511 1240 582 79

182 683 444 769 Expugnationis
455 683 642 747 Hibernicae
652 683 820 747 manifeste
830 683 1019 747 declaratur.
1043 683 1113 746 Nec
1122 683 1239 748 mirum

183 786 241 871 qui
266 786 307 849 ad
322 795 443 849 tantam
459 784 580 849 Christi
594 786 793 849 vocationem
808 795 841 848 et
866 785 901 847 in
927 785 997 869 ipsa
1011 807 1141 870 quoque
1155 787 1238 850 tanti

182 888 339 972 praeconis
361 887 514 964 absentia,
529 887 633 950 filium
655 909 751 970 quem
772 909 832 971 pro
855 910 888 950 se
911 887 1024 950 saltem
1038 909 1148 950 versus
1164 885 1239 950 Ori-

183 1000 290 1054 entem
304 990 433 1053 mittere
446 989 602 1052 debuerat
611 997 644 1051 et
657 989 692 1052 in
705 989 895 1053 Sarracenos
906 1011 1016 1052 versus
1029 988 1238 1054 Occidentem

184 1114 259 1174 quae
283 1100 360 1154 sunt
380 1089 495 1153 mundi
518 1100 729 1173 quaerentem,
753 1112 819 1153 non
843 1113 918 1174 quae
944 1090 1063 1155 Christi
1084 1091 1164 1155 Jesu
1189 1093 1238 1156 in·

183 1191 290 1255 fausto
311 1190 400 1254 misit
417 1190 523 1254 omine
538 1200 572 1254 et
596 1189 632 1252 in
647 1189 855 1255 Christianos.
902 1191 989 1255 Proh
1011 1191 1117 1275 pudor
1140 1204 1238 1277 atque

184 1292 292 1356 dolor!
315 1292 342 1355 si
356 1291 407 1355 vel
428 1302 549 1355 tantam
570 1292 810 1376 expeditionem
835 1303 908 1356 ante
924 1295 1068 1358 eamdem
1083 1318 1179 1379 quam
1204 1297 1239 1359 in

182 1394 314 1457 miseros
329 1405 407 1457 tunc
432 1392 520 1456 misit
533 1393 644 1455 fideles
664 1403 697 1456 et
716 1393 915 1457 infructuose
941 1396 982 1458 ad
997 1394 1125 1474 Christi
1140 1397 1239 1480 patri-

184 1496 329 1560 monium
341 1506 374 1558 et
387 1493 638 1557 Christianitatis
652 1494 832 1558 subsidium
843 1495 1041 1574 destinasset,
1054 1508 1139 1560 terra
1153 1520 1240 1561 sacra

185 1621 204 1661 a
229 1597 362 1660 canibus
396 1596 559 1659 inmundis
595 1607 628 1660 et
657 1619 856 1680 paganorum
894 1598 1058 1682 spurcitiis
1094 1600 1239 1663 nondum

185 1698 396 1782 prophanam,
410 1698 446 1760 in
460 1719 518 1761 sua
531 1697 644 1781 procul
658 1697 758 1761 dubio
773 1696 959 1782 integritate
973 1709 1101 1763 retenta
1112 1700 1238 1764 fuisset.

187 1799 237 1863 Ut
259 1810 367 1863 autem
393 1821 431 1863 ea
455 1821 530 1882 quae
556 1799 660 1863 tribus
683 1800 892 1883 sequentibus
917 1800 1009 1864 annis
1034 1801 1075 1864 ad
1101 1801 1239 1865 divinam

185 1902 342 1965 ultionem
364 1912 397 1965 et
412 1900 556 1964 terribile
577 1901 701 1965 cunctis
721 1901 908 1986 exemplum
933 1902 1015 1965 tanti
1029 1901 1089 1966 viri
1113 1903 1239 1966 ruinam

185 2012 252 2066 tam
274 2001 445 2066 efficaciter
470 2001 683 2086 expleverunt
709 2001 825 2066 clarius
851 2002 1042 2080 elucescant,
1069 2004 1240 2068 secundam

185 2103 423 2167 distinctionem
437 2103 490 2166 hic
505 2104 723 2184 terminantes,
739 2115 773 2170 et
788 2105 917 2171 tertiam
929 2105 1126 2184 inchoantes,
1142 2107 1239 2191 paulo
1305 2117 1308 2121 ’

186 2205 340 2269 remotius
355 2204 528 2271 ordiamur.

430 3156 520 3200 1²1le
544 3156 800 3200 DISTINCTIONIS
824 3158 1000 3202 SECUNDAE.
