3000 5040
456 563 504 612 DE
530 561 794 613 INSTRUOTIONE
820 559 1033 611 PRINCIPUM.
1232 544 1273 606 13

220 711 381 788 dilatavit3
398 722 500 776 totam
514 711 651 774 insulam
667 710 857 787 Britanniae,
872 709 957 773 sicut
969 729 1086 773 oceano
1101 705 1272 782 clauditur,

218 815 252 878 in
267 838 363 879 unam
384 814 511 900 potenti
533 837 630 878 manu
646 814 838 878 concludens
858 811 1096 876 monarchiam.¹
1142 809 1238 876 Quod
1255 831 1275 871 a

220 926 364 1001 tempore
380 940 445 1002 quo
462 917 547 981 Picti
561 926 595 980 et
611 916 700 980 Scoti
715 916 859 979 boreales
875 915 990 978 insulae
1012 923 1119 997 partes
1133 911 1272 996 primum

220 1031 461 1104 occupaverant,
491 1019 525 1083 in
552 1019 643 1083 nullo
671 1019 791 1103 legitur
823 1015 1009 1081 authentico
1038 1013 1168 1098 scripto,
1198 1021 1271 1096 post

221 1133 365 1207 tempora
385 1123 511 1188 Claudii
538 1122 683 1199 Caesaris,
715 1121 772 1206 qui
795 1143 861 1184 non
878 1119 982 1182 solmn
1007 1115 1147 1180 Scotiam
1172 1135 1272 1197 regno

219 1221 417 1303 Britannice,
448 1225 504 1288 sed
545 1236 578 1289 et
614 1225 734 1288 insulas
764 1223 928 1288 Orcadum
965 1221 1113 1284 Romano
1142 1238 1274 1300 quoque

219 1324 337 1408 adjecit
359 1325 505 1411 imperio,
530 1349 549 1391 a
575 1349 739 1411 quoquam
767 1325 889 1388 factum
915 1322 1026 1386 fuisse.
1072 1319 1136 1384 Sed
1164 1328 1272 1382 tantus

222 1426 318 1510 (proh
333 1427 422 1490 dolor
435 1428 458 1511 l)
474 1439 507 1493 et
522 1438 587 1492 tam
598 1426 786 1511 magnificus
793 1426 897 1488 honor
910 1424 950 1487 ab
962 1422 1143 1507 Anglicana
1156 1442 1272 1484 corona

220 1549 278 1610 per
302 1550 515 1593 successorem
536 1529 748 1614 proximum,2
765 1527 820 1592 vili
845 1525 1034 1590 commercio
1059 1535 1093 1589 et
1118 1523 1272 1606 irrepara-

219 1629 279 1690 bili
300 1629 416 1693 damno
430 1632 633 1695 venundatus
650 1629 789 1706 evanuit,
806 1638 839 1692 et
853 1651 912 1712 pro
933 1626 1037 1712 pretio
1054 1635 1273 1711 praetereunte

220 1740 413 1814 perpetuum
430 1743 463 1796 et
476 1732 690 1818 impretiabile
705 1732 802 1794 decus
817 1729 1001 1814 exspiravit.

264 1831 389 1897 Dicunt
416 1845 522 1898 tamen
546 1833 645 1911 Scoti,
672 1843 706 1897 et
729 1842 861 1918 propter
886 1831 1041 1894 honorem
1081 1841 1176 1895 terrae
1203 1853 1272 1895 suae

219 1933 368 1998 assertive
382 1947 579 2021 proponunt,
592 1936 679 2019 quod
693 1935 841 2020 princeps
856 1955 967 1997 eorum
982 1942 1108 1996 tantum
1123 1931 1163 1995 de
1178 1941 1273 2009 terra,

220 2057 295 2119 quae
305 2035 424 2101 Leonis
432 2048 573 2116 vocatur,
586 2060 690 2122 usque
701 2037 741 2101 ad
751 2058 838 2099 mare
849 2035 1023 2112 Scoticum,
1033 2034 1120 2118 quod
1132 2033 1273 2097 Scotiam

220 2139 453 2222 propemodum
481 2139 619 2203 insulam
650 2140 778 2215 factam,
807 2139 848 2202 ab
877 2137 1057 2221 Anglicano
1090 2135 1272 2220 antiquitus

220 2258 319 2320 regno
346 2239 592 2320 discriminavit3
616 2263 689 2304 cum
715 2240 819 2304 tribus
848 2238 986 2303 castellis
1011 2238 1146 2322 egregiis
1176 2238 1274 2300 inea

219 2340 377 2403 contentis
392 2341 609 2406 Rocheburch
621 2353 699 2407 tunc
712 2341 856 2418 redditis,
872 2341 958 2425 Regi
973 2339 1153 2423 Anglorum
1169 2339 1273 2424 primo

220 2441 400 2524 captionem
414 2445 501 2528 apud
516 2444 674 2508 Aunewic
697 2455 731 2508 et
751 2442 974 2507 liberationem
995 2441 1161 2505 hominum
1183 2440 1271 2505 fecit.

218 2541 338 2606 Verius
373 2556 483 2609 autem
509 2556 543 2609 et
570 2546 665 2630 longe
694 2545 895 2610 verisimilius
931 2542 1152 2610 essevidetur
1185 2542 1272 2627 quod

218 2643 366 2728 princeps
381 2668 492 2709 eorum
506 2647 592 2711 bello
607 2659 719 2732 captus
738 2657 771 2711 et
789 2647 1012 2722 incarceratus,
1028 2645 1068 2708 ad
1090 2646 1273 2729 cujuscum-

220 2765 283 2827 que
297 2745 486 2812 discriminis
498 2749 741 2834 subjectionem,
752 2757 810 2812 aut
821 2747 918 2812 etiam
932 2746 1010 2810 belli
1020 2747 1095 2832 jure
1110 2745 1272 2810 servitutis

219 2846 393 2931 cujuslibet
419 2848 668 2928 incommodum,
684 2845 733 2914 ‘ut
754 2849 930 2914 solveretur
958 2871 978 2912 a
996 2847 1131 2912 vinculis
1159 2847 1271 2913 ferreis

220 2957 254 3010 et
268 2969 429 3012 carcerum
445 2950 597 3029 tenebris,
613 2951 728 3016 arctari
739 2961 858 3037 posset.

120 3023 133 3047 l
264 3048 427 3114 Praeterea
449 3051 483 3114 in
506 3053 722 3116 transmarinis
742 3052 949 3136 Aquitanicae
974 3052 1093 3118 Galliae
1113 3053 1269 3139 partibus,

80 3153 82 3157 ’
114 3169 116 3174 ·
218 3162 339 3234 praeter
353 3151 584 3238 Andagaviam,
610 3153 861 3219 cenomanniam
881 3165 914 3219 et
940 3154 1125 3234 Turoniam,
1142 3178 1215 3240 quae
1240 3157 1270 3219 ei

219 3251 435 3335 patrimoniali
449 3256 534 3340 jure,
554 3255 729 3321 Pictaviam
749 3279 879 3341 quoque
900 3268 934 3321 et
954 3257 1147 3321 Gasconiam
1169 3269 1270 3323 totam

130 3405 133 3415 .
219 3374 323 3436 usque
338 3355 378 3418 ad
390 3352 563 3440 Pyrenaeos
576 3358 744 3443 Hispaniae
759 3367 894 3436 montes,
905 3380 980 3444 quae
992 3358 1023 3422 ei
1030 3359 1271 3423 matrimoniali-

220 3464 270 3516 ter
281 3455 485 3537 obvenerant,
502 3459 679 3524 dominatui
693 3483 751 3524 suo
766 3459 954 3524 Alverniam
969 3471 1003 3525 et
1015 3461 1192 3538 Berricum,
1209 3461 1271 3525 Gi·

219 3557 354 3621 sortium
369 3582 499 3644 quoque
514 3585 588 3625 cum
599 3561 761 3645 Vegesino
776 3561 1004 3640 Normannico,
1019 3563 1096 3626 olim
1111 3563 1270 3627 Norman-

218 3657 282 3721 niae
298 3659 473 3737 subtracto,
488 3662 623 3724 viriliter
637 3662 764 3746 adjecit.
811 3662 881 3727 Nec
892 3663 996 3727 solum
1011 3663 1051 3726 ad
1061 3664 1268 3741 Francorum,

219 3759 371 3843 simplicis
381 3783 416 3824 ac
425 3761 526 3825 sancti
537 3762 596 3824 viri
606 3761 763 3826 Ludovici
772 3763 873 3847 Regis
885 3765 1020 3828 abutens
1032 3765 1269 3843 commoditate,

219 3882 328 3924 verum
353 3861 450 3925 etiam
472 3864 514 3927 ad
539 3863 760 3928 Romanorum
780 3864 962 3949 imperium,
979 3867 1141 3930 occasione
1158 3889 1268 3931 werrae

220 3961 356 4027 diutinae
373 3973 406 4027 et
415 3963 623 4028 inexorabilis
639 3965 805 4030 discordiae
816 3967 900 4031 inter
909 3967 1141 4053 Imperatorem
1154 3970 1271 4035 Frede-

220 4064 321 4127 rioum
337 4075 452 4130 etsuos
464 4067 600 4145 obortae,
619 4078 681 4131 tam
695 4067 735 4131 ab
751 4067 846 4132 Italia
860 4079 929 4135 tota
942 4054 1040 4155 quani
1050 4072 1130 4137 urbe
1145 4073 1271 4138 Romu·

218 4164 268 4228 lea
277 4167 394 4251 saepius
405 4167 571 4246 invitatus,
584 4179 765 4254 comparata
776 4171 908 4256 quidem
917 4173 977 4236 sibi
987 4173 1028 4236 ad
1037 4173 1098 4238 hoc
1110 4173 1269 4239 Morianae

161 4300 164 4305 ·
219 4269 308 4334 vallis
331 4280 364 4334 et
379 4269 516 4357 Alpium
530 4273 590 4351 via,
607 4272 662 4336 sed
677 4295 741 4337 non
761 4273 932 4339 efficaciter
955 4275 1097 4354 obtenta,
1121 4276 1271 4341 animosi-

379 4405 386 4436 ¹
405 4405 454 4458 See
468 4405 644 4476 Hemingford,
656 4425 683 4478 p.
696 4411 756 4462 496.
878 4409 889 4443 ²
906 4409 948 4463 Sc.
961 4409 1114 4464 Jobannem.
