3000 5040
276 467 339 539 174
548 530 551 534 .
591 486 774 537 omnious
798 486 1024 538 cluanensis

273 644 308 697 et
321 655 430 697 carnes
444 656 531 697 meas
556 636 702 700 comedas
722 647 756 700 et
781 659 851 700 ossa
864 639 1041 703 corrodas.”
1086 639 1183 702 Unde
1205 650 1240 703 et
1261 661 1328 724 prae

273 735 386 799 timore
400 736 521 820 pariter
542 748 576 800 et
600 737 731 801 horrore
756 762 776 802 a
796 748 899 802 stratu
915 739 1054 803 clamans
1069 739 1188 816 exiliit,
1203 740 1327 803 statim-

271 859 335 920 que
358 859 419 922 pro
440 838 591 923 episcopo
615 840 765 923 quodam,
781 841 839 924 qui
865 841 986 904 curiam
1010 841 1096 904 forte
1110 851 1188 904 tunc
1211 862 1327 925 seque·

268 939 375 1015 batur,
401 939 543 1017 mittens,
566 941 721 1004 visionem
747 942 778 1005 ei
806 951 909 1005 totam
938 943 1107 1006 enarravit.
1153 943 1261 1008 Quam
1291 953 1325 1006 et

269 1040 438 1124 episcopus
475 1041 504 1103 ei
533 1041 771 1105 incontinenter
805 1041 945 1105 fideliter
982 1043 1136 1127 exposuit
1170 1044 1205 1105 in
1236 1044 1323 1107 hunc

267 1142 419 1206 modum:
438 1147 459 1176 “
471 1141 625 1217 Ecclesia,
641 1142 729 1220 Rex,
747 1165 843 1226 quam
858 1143 939 1207 adeo
950 1144 1118 1229 pulchram
1133 1154 1167 1207 et
1178 1155 1323 1207 ornatam

267 1243 388 1321 vidisti,
411 1244 544 1308 ecclesia
565 1244 632 1308 fuit
653 1246 746 1328 regni
772 1246 821 1308 tui
843 1245 1033 1330 priusquam
1060 1268 1220 1329 regnares,
1246 1269 1321 1330 quae

267 1343 387 1408 divitiis
411 1346 560 1409 omnibus
583 1355 616 1408 et
639 1345 824 1430 opulentiis,
841 1347 1053 1431 dignitatibus
1077 1357 1110 1411 et
1134 1347 1321 1432 privilegiis,

267 1447 462 1511 abundabat.
508 1445 607 1512 Quod
635 1458 744 1511 autem
772 1448 893 1511 nudam
918 1459 1031 1533 postea
1052 1449 1172 1525 vidisti,
1202 1459 1322 1513 statum

266 1549 407 1612 ecclesiae
430 1548 521 1633 regni
545 1549 604 1626 tui,
621 1559 654 1611 te
674 1559 839 1632 regnante,
856 1550 1011 1634 designat,
1028 1573 1125 1635 quam
1147 1572 1207 1635 pro
1228 1573 1322 1635 posse

266 1651 490 1736 depauperasti
511 1661 546 1713 et
567 1651 774 1735 quantumin
797 1662 830 1715 te
844 1652 1075 1736 propositoque
1098 1652 1172 1729 fuit,
1187 1652 1320 1736 opulen-

266 1753 321 1815 tiis
332 1753 409 1816 olim
420 1752 563 1816 fidelium
576 1752 745 1836 largitione
758 1753 893 1829 collatis,
905 1775 947 1816 ex
963 1764 1033 1817 toto
1045 1754 1185 1818 nudasti.
1210 1753 1320 1819 Homo

263 1876 339 1918 vero
368 1875 464 1938 quem
493 1876 590 1938 super
615 1854 714 1917 altare
738 1855 859 1932 vidisti,
885 1877 999 1939 corpus
1028 1855 1107 1918 Jesu
1129 1855 1205 1933 fuit,
1231 1857 1320 1941 quod

264 1977 329 2017 una
344 1976 417 2018 cum
432 1955 565 2018 ecclesia
578 1978 637 2018 sua
657 1977 854 2032 consumere,
869 1956 1068 2040 gloriamque
1089 1957 1189 2041 ipsius
1212 1959 1320 2022 extin-

263 2077 373 2140 guere,
388 2057 594 2142 proposuisti.
641 2057 809 2121 Terribilis
823 2068 933 2121 autem
946 2058 1003 2121 illa
1017 2058 1103 2122 facta
1116 2060 1316 2144 respiciendo

264 2158 481 2236 comminatio,
503 2159 715 2223 formidabilis
737 2159 951 2244 proculdubio
984 2171 1044 2237 est,
1072 2169 1112 2223 ut
1138 2161 1316 2245 resipiscas,

263 2261 480 2324 commonitio.
527 2260 625 2327 Quod
648 2261 710 2326 nisi
733 2263 891 2325 maturius
911 2262 1024 2345 egeris,
1044 2262 1224 2325 timendum
1242 2263 1313 2340 tibi,

263 2363 352 2440 Rex,
375 2386 416 2427 ne
438 2365 518 2427 iram
545 2365 628 2449 Ejus
654 2365 797 2428 incurras
822 2364 1123 2431 exterminantem.”
1166 2365 1214 2428 Et
1242 2387 1315 2428 cum

263 2466 432 2550 episcopus
460 2465 628 2529 eonsilium
657 2466 688 2528 ei
717 2467 807 2529 daret
834 2467 998 2549 quatinus,
1022 2467 1202 2530 convocatis
1228 2467 1315 2530 illico

262 2566 419 2651 episcopis
433 2567 524 2650 regni
546 2567 598 2630 sui
611 2576 645 2630 et
663 2567 748 2630 clero
767 2567 927 2644 universo,
943 2569 1118 2631 eorundem
1134 2567 1266 2631 consilio
1281 2591 1315 2630 se

262 2669 404 2733 Domino
426 2691 484 2753 per
506 2668 613 2732 omnia
642 2669 837 2746 conciliaret,
859 2669 1028 2753 missisque
1058 2670 1166 2734 statim
1190 2669 1316 2732 nuntiis

261 2771 476 2836 venerabilem
490 2779 701 2854 sanctumque
712 2771 818 2835 virum
834 2771 1025 2835 Anselmum
1049 2771 1312 2835 Cantuariensem

260 2873 543 2959 archiepiscopum,
581 2895 679 2956 quem
718 2897 756 2937 ea
783 2883 984 2958 tempestate,
1025 2874 1112 2957 quod
1148 2873 1313 2937 libertates

260 2975 403 3039 ecclesiae
426 2976 524 3039 &tueri
560 2976 699 3052 volebat,
730 2975 862 3039 exulare
896 2974 1104 3060 compulerat,
1134 2975 1176 3038 ab
1212 2976 1313 3039 exilio

259 3087 440 3152 revocaret,
456 3079 651 3160 respondens
674 3077 751 3141 Rex
776 3101 809 3142 se
835 3100 909 3141 cum
933 3078 1024 3162 regni
1052 3078 1102 3140 sui
1126 3078 1314 3161 proceribus

260 3178 429 3240 consilium
451 3177 527 3239 inde
549 3179 584 3240 in
607 3179 697 3242 brevi
719 3179 916 3242 habiturum.
960 3179 1008 3242 Et
1029 3179 1176 3264 protinus
1202 3192 1313 3243 contra

260 3278 488 3342 dissuasionem
521 3279 556 3341 in
592 3280 777 3363 praedictam
813 3281 975 3358 forestam,
1003 3281 1062 3344 ubi
1088 3291 1138 3344 tot
1166 3280 1312 3344 ecclesias

260 3381 462 3456 destituerat,
478 3391 628 3465 totosque
643 3381 754 3446 fideles
773 3382 830 3466 qui
852 3383 957 3465 glebae
972 3383 1093 3446 ibidem
1112 3383 1153 3444 ab
1175 3383 1312 3466 antiquo

258 3483 389 3569 ascripti
415 3482 546 3546 fuerant
560 3483 853 3548 immisericorditer
874 3483 1134 3561 exheredaverat,
1157 3493 1309 3547 venatum

258 3587 327 3650 ivit.
372 3586 442 3651 Nec
468 3609 566 3664 mora,
583 3587 688 3650 soluta
709 3609 768 3672 per
793 3588 1075 3672 interemptionem
1102 3587 1308 3651 contentione

259 3690 316 3753 ubi
353 3688 501 3772 deliquit,
539 3689 657 3752 casuali
694 3690 860 3773 cujusdam
897 3711 1030 3752 suorum
1072 3690 1142 3752 ictu
1178 3687 1306 3771 sagittae

256 3791 397 3855 letaliter
419 3812 588 3875 percussus
603 3791 779 3868 decubuit;
793 3791 886 3855 miles
911 3792 997 3854 enim
1024 3792 1147 3855 directo
1160 3789 1308 3854 inferam

256 3895 333 3972 telo,
346 3903 429 3957 nutu
439 3894 547 3957 divino
560 3892 676 3956 caelum
686 3893 808 3977 pariter
817 3903 849 3957 et
858 3894 960 3957 telum
968 3904 1111 3978 regente,
1126 3915 1190 3956 non
1206 3893 1307 3956 feram

256 4020 295 4060 eo
309 3997 365 4060 sed
380 3996 497 4072 ferum,
513 4005 547 4059 et
560 3996 682 4080 absque
696 3997 792 4059 modo
806 3996 956 4074 ferocem,
973 3986 1252 4081 transpenetravit.

299 4098 379 4162 Fuit
390 4109 424 4162 et
446 4098 508 4161 alia
522 4118 652 4182 quoque
668 4098 707 4159 de
722 4097 835 4160 eodem
849 4095 929 4160 visio
944 4097 1105 4175 notabilis,
1130 4098 1207 4181 qnia
1220 4119 1307 4182 prae·

255 4200 400 4262 munitus
414 4199 584 4263 aDomino
595 4209 628 4262 et
642 4199 864 4283 praemonitus,
880 4198 937 4282 qui
951 4199 1053 4282 magis
1066 4199 1305 4262 conversionem

257 4300 382 4386 appetit
389 4300 565 4384 peccatoris
576 4322 672 4383 quam
682 4301 887 4378 eversionem,
896 4300 1057 4384 longeque
1067 4300 1168 4384 magis
1177 4300 1308 4365 utvivat
1389 4382 1390 4386 Ἰ
