3000 5040
326 608 328 612 .
438 533 487 583 un
512 532 780 584 rnsrnuorroun
805 532 1018 586 rnrncrruu.
1212 520 1254 586 89

197 696 324 770 integre
338 683 491 748 restituit.
537 683 647 748 Missis
662 684 764 769 igitur
778 685 875 769 regiis
892 685 932 749 ad
954 686 1104 750 comitem
1119 685 1256 764 nunciis,

198 789 255 872 qui
274 789 329 873 jus
353 787 455 872 ipsius
477 787 512 850 in
534 786 788 865 Viromanniam,
813 788 950 852 mortuis
975 788 1159 866 heredibus,
1181 811 1257 874 pro-

197 901 362 965 testanteS,
385 899 423 952 ut
447 889 635 952 comitatum
662 911 736 953 cum
760 891 898 954 castellis
924 890 1071 954 omnibus
1095 901 1128 953 et
1150 891 1256 954 muni-

197 992 289 1075 cipiis
318 990 380 1054 sibi
408 990 584 1072 resignaret
609 990 834 1074 praeciperent‚
863 1002 921 1055 aut
947 991 1123 1076 despicatas
1152 991 1256 1055 eidem

198 1094 259 1156 nisi
291 1093 352 1155 hoc
382 1091 496 1154 fecerit
524 1091 708 1154 inimicitias
738 1092 959 1176 designarent;
998 1093 1062 1155 tale
1091 1115 1110 1156 a
1139 1093 1255 1156 comite

197 1195 348 1279 superbia
377 1193 474 1279 pleno
505 1205 538 1256 et
566 1193 798 1276 indignatione,
826 1194 937 1259 datum
967 1204 1015 1257 est
1045 1217 1252 1278 responsum:

199 1297 298 1364 Quod
317 1319 381 1359 non
397 1295 500 1358 solum
515 1317 558 1358 ex
579 1304 669 1377 parte
686 1294 856 1358 comitissae
880 1294 943 1379 ipsi
965 1296 1019 1378 jus
1041 1295 1176 1358 interra
1199 1295 1255 1360 illa

197 1399 386 1481 contigerat,
413 1398 524 1460 sedet
552 1395 636 1479 patri
665 1417 724 1458 suo
751 1393 870 1458 Comiti
900 1394 1032 1458 Terrico
1058 1395 1165 1460 fuerat
1192 1419 1252 1481 pro

197 1500 339 1563 maxima
358 1497 502 1583 'pecunia
529 1495 614 1580 patri
643 1495 815 1559 comitissae
845 1496 922 1559 olim
949 1506 1064 1559 mutuo
1094 1520 1251 1575 concessa,

198 1616 231 1669 et
246 1606 279 1668 in
294 1605 412 1689 pignus
423 1604 507 1666 data.
553 1602 599 1665 Et
612 1599 746 1686 proinde
760 1601 842 1666 hanc
857 1603 887 1667 ei
901 1613 1027 1680 terram,
1040 1602 1101 1665 nisi
1115 1602 1254 1686 pecunia

197 1706 287 1790 prius
300 1705 425 1769 reddita
439 1715 472 1768 et
486 1701 717 1788 suppositione,
734 1704 826 1787 cujus
841 1727 997 1768 summam
1013 1726 1072 1788 pro
1086 1703 1252 1768 voluntate

197 1808 317 1871 fecerat
331 1807 528 1882 immensam,
544 1826 609 1867 uon
624 1803 845 1888 relinqueret.¹

242 1910 356 1973 Comes
370 1918 478 1972 autem
492 1929 535 1970 ex
549 1905 810 1990 contingentibus
825 1905 906 1968 nihil
920 1907 1082 1984 omittens,
1098 1917 1132 1972 et
1147 1904 1254 1972 famen

197 2011 357 2087 amittens,
385 2010 425 2072 ad
447 2007 629 2092 Anglorum
658 2006 783 2090 Regem
815 2006 1005 2086 Henricum,
1027 2010 1254 2073 consobrinum

197 2135 301 2190 suurn,
325 2112 459 2175 nuncios
484 2131 558 2174 cum
584 2108 702 2172 litteris
728 2109 793 2172 suis
818 2109 948 2188 direxit,
973 2133 1098 2194 rogans,
1121 2133 1254 2175 monens

197 2225 230 2277 et
258 2212 449 2298 supplicans,
481 2221 641 2296 quatenus
670 2232 745 2273 eum
783 2210 816 2272 in
851 2211 912 2274 hoc
940 2213 1071 2296 negotio
1099 2224 1254 2297 tauquam

197 2317 351 2398 sauguine
376 2325 442 2378 tam
470 2313 690 2398 propinquum
718 2335 783 2375 non
812 2322 1038 2402 postponepet3
1063 2314 1199 2378 offerens
1225 2315 1255 2378 ei

198 2427 232 2480 et
261 2425 455 2479 sacramenta
483 2425 517 2477 et
551 2414 736 2477 securitates
766 2435 884 2490 omnes,
914 2437 1039 2478 necnon
1068 2426 1102 2479 et
1130 2417 1255 2480 obsides

197 2519 310 2593 bonos,
326 2513 414 2599 quod
431 2515 466 2576 in
480 2514 604 2578 cunctis
625 2513 755 2598 agendis
772 2513 838 2577 suis
852 2525 962 2578 contra
976 2515 1101 2601 Regem
1116 2518 1255 2582 eundem

200 2619 239 2680 de
256 2627 361 2680 cetero
376 2637 450 2679 cum
464 2615 534 2699 ipso
546 2615 686 2678 fideliter
701 2623 809 2691 staret,
825 2615 935 2680 multis
957 2617 992 2680 in
1015 2618 1100 2681 hunc
1123 2620 1255 2684 modum

199 2719 336 2782 suadens
349 2717 472 2795 verbis;
496 2716 551 2779 sed
566 2715 643 2800 quia
656 2738 759 2799 genus
780 2713 862 2778 illud
884 2740 918 2779 se
932 2738 1098 2802 nunquam
1118 2720 1255 2784 invicem

199 2821 326 2899 dilexit,
351 2820 448 2882 immo
471 2828 593 2902 quanto
615 2817 769 2900 sanguine
791 2816 914 2881 fuerint
938 2820 1138 2902 proximores
1164 2831 1255 2885 tanto

199 2923 233 2986 in
256 2921 453 2986 necessitatis
478 2919 613 2983 articulo
634 2941 667 2982 se
688 2941 813 3003 semper
836 2919 976 2984 reddunt
990 2921 1174 3000 deteriores,
1188 2944 1254 2986 non

199 3024 404 3109 persuadens.
1227 3026 1229 3030 ‘

244 3124 431 3190 Convocatis
444 3124 545 3208 igitur
559 3124 646 3209 apud
661 3124 774 3187 urbem
788 3123 1041 3190 Ambianensem
1056 3125 1253 3190 exercitibus

198 3227 351 3311 utrinque
379 3225 512 3310 magnis
537 3235 571 3289 et
595 3225 688 3309 Rege
713 3225 894 3310 Anglorum
925 3228 1056 3312 juniore
1084 3229 1125 3292 ad
1153 3228 1253 3294 Fran·

198 3352 307 3393 corum
323 3329 448 3412 Regem
463 3351 536 3391 cum
551 3328 664 3411 grandi
679 3338 713 3392 et
726 3328 831 3391 valida
852 3327 993 3392 militum
1015 3352 1113 3394 manu
1130 3341 1252 3415 apatre

198 3431 391 3508 transmisso,
422 3429 551 3493 tandem
589 3429 668 3493 citra
707 3431 824 3493 martio
864 3431 1025 3509 conflictu,
1060 3433 1253 3516 ⁴proceribus

198 3533 357 3597 Flandriae
373 3542 483 3595 contra
495 3532 621 3614 Regem
636 3531 830 3624 Francorum
848 3533 889 3595 ob
901 3532 1090 3597 fidelitatem
1105 3544 1139 3596 et
1152 3528 1254 3617 ligan-

199 3641 276 3702 tiam
297 3639 327 3702 ei
349 3637 528 3700 exhibitam
551 3636 701 3719 congredi
718 3638 950 3716 recusantibus
971 3661 1049 3723 pace
1070 3639 1252 3718 reformata,

235 3813 241 3843 ¹
262 3812 326 3865 This
338 3828 390 3864 was
407 3829 455 3864 one
474 3811 503 3864 of
518 3809 563 3862 the
582 3815 701 3880 opportu-
752 3807 845 3862 should
862 3808 929 3861 have
941 3808 1064 3862 devolved
1076 3826 1109 3861 on
1125 3809 1169 3863 the
1181 3809 1255 3862 other

198 3882 276 3935 nities
297 3882 327 3934 of
343 3881 428 3933 which
459 3878 527 3933 Phili
544 3935 545 3938 ,
567 3880 701 3948 Augustus
752 3879 834 3946 sister,
844 3879 901 3931 who
912 3877 964 3931 had
976 3878 1086 3932 married
1098 3879 1142 3933 the
1154 3879 1216 3932 Earl
1228 3879 1258 3932 of

198 3950 286 4022 gladly
297 3950 397 4004 availed
408 3950 516 4003 himself
529 3898 569 4002 lor
581 3947 702 4069 crushinIg
753 3949 907 4030 Beaumont.
925 4019 930 4031 .
1123 4022 1128 4030 ι
1165 4020 1170 4031 Ι

199 4017 702 4159 tittltitltlalltllliii
754 4018 1028 4155 addititii
1042 4017 1253 4142 latitatis

200 4161 250 4214 and
263 4161 381 4228 Amisus,
393 4159 434 4212 his
452 4159 592 4213 territories
610 4157 702 4228 passed
752 4168 869 4226 account,
898 4158 942 4211 the
977 4158 1071 4212 Chron.
1101 4159 1253 4227 Hannoniae,

200 4232 254 4283 into
269 4230 313 4283 the
332 4230 478 4300 possession
494 4229 523 4282 of
541 4227 627 4297 Philip
642 4227 702 4280 llarl
752 4227 889 4297 published
919 4228 946 4280 in
978 4228 1105 4298 Bouquet,
1130 4230 1203 4283 xviii.
1227 4248 1253 4300 p.

201 4300 230 4352 of
251 4300 383 4368 Flanders,
408 4299 453 4352 her
476 4298 603 4352 husband.
652 4297 703 4350 She
753 4298 813 4352 370.

202 4370 281 4440 dying
289 4369 397 4422 without
406 4369 483 4438 issue,
494 4369 567 4422 these
575 4368 703 4421 countries
