3000 5040
411 491 460 557 DE
485 487 748 542 msraucrlorra
773 488 984 540 ancrrnn.
1163 473 1223 534 159

174 643 302 706 ruinam
324 643 393 727 ejus
420 642 518 705 animi
543 642 597 706 vi⁸.
622 641 703 705 feria
724 651 798 704 ante
822 639 972 704 Natalem
993 648 1098 714 nocte,
1123 638 1226 701 noctis

176 744 254 807 hora
274 756 348 829 post
363 745 580 822 conticinium,
595 754 629 808 et
646 743 737 827 quasi
760 743 884 806 circiter
906 743 1047 827 primum
1069 763 1226 816 somnum,

176 847 325 930 apparuit
348 847 381 909 in
405 846 525 931 Anglia
547 855 680 924 cometa,
704 868 779 928 quae
808 844 890 908 solet
913 855 980 908 tam
1005 843 1112 905 obitus
1140 842 1229 926 prin·

177 948 285 1032 cipum
313 971 409 1032 quam
437 960 527 1013 ortus
560 972 628 1012 esse
656 948 851 1033 praenuntia,
880 947 974 1030 longe
1003 944 1136 1008 inferior
1162 965 1228 1006 non

176 1049 280 1113 solum
301 1052 526 1114 communibus
544 1051 654 1127 stellis,
671 1050 838 1113 sedetiam
859 1047 1008 1133 planetis,
1023 1046 1059 1108 in
1078 1046 1140 1108 boc
1155 1067 1228 1108 aere

175 1152 341 1229 nebuloso,
353 1153 445 1236 quasi
457 1153 517 1215 sub
526 1153 612 1236 ignei
627 1151 833 1235 globi-specie
843 1148 1108 1234 praetervolando,
1121 1156 1229 1210 tamen

177 1253 285 1315 sonitu
300 1255 437 1337 quodam
454 1255 544 1337 quasi
560 1254 705 1330 tonitrui,
720 1253 863 1336 longiore
878 1263 985 1315 tamen
1001 1260 1035 1313 et
1049 1249 1228 1334 aequaliori,

176 1354 377 1438 splendorem
418 1355 509 1438 quasi
546 1354 682 1438 fulgoris
719 1355 879 1430 emittens,
908 1353 965 1416 sed
1003 1353 1157 1436 majorem
1196 1360 1230 1414 et

177 1455 364 1518 continu'ato
376 1457 491 1540 jubare
506 1455 580 1540 plus
595 1457 775 1520 durantem.

222 1555 358 1620 Circiter
370 1568 443 1621 octo
459 1558 526 1621 dies
540 1568 614 1621 ante
629 1558 754 1622 obitum
769 1559 839 1643 ejus
859 1556 995 1641 contigit
1016 1555 1051 1618 in
1068 1554 1228 1618 Norman-

177 1657 241 1720 niae
253 1659 399 1741 partibus
411 1681 474 1724 non
487 1660 625 1744 procula
636 1659 732 1742 Sagio
747 1659 802 1722 sed
814 1659 904 1742 quasi
915 1680 973 1743 per
984 1657 1119 1721 miliaria
1133 1657 1228 1742 quin-

178 1781 254 1841 que,
281 1771 383 1823 castro
405 1760 555 1824 videlicet
579 1761 760 1837 Oximensi,
785 1761 872 1844 quod
894 1759 928 1822 in
951 1782 1068 1823 scanno
1088 1760 1229 1844 quodam

176 1861 280 1944 pisces
294 1884 404 1925 omnes
419 1861 537 1946 quibus
546 1862 730 1927 abundabat
744 1871 835 1926 tanto
850 1861 1002 1924 conflictu
1015 1872 1081 1925 tam
1095 1861 1130 1924 in
1144 1883 1229 1944 aqua

176 1963 246 2046 ipsa
256 1985 354 2045 quarn
369 1974 461 2027 extra
475 1964 676 2048 prosilientes
691 1975 785 2028 nocte
800 1965 938 2048 quadam
947 1964 1228 2048 congrederentur,

177 2073 215 2125 ut
241 2063 418 2127 vicinorum
446 2064 614 2128 hominum
640 2064 883 2130 multitudinem
917 2065 988 2150 ipso
1015 2067 1153 2151 strepitu
1188 2065 1230 2129 ad

176 2166 395 2248 spectaculum
423 2177 600 2232 evocarent.
658 2166 764 2231 Tanto
786 2178 929 2251 ternpore
958 2178 1090 2250 tamque
1117 2167 1231 2232 lethali

177 2256 351 2330 certamine
379 2269 538 2352 congressi
566 2278 653 2345 sunt,
682 2277 720 2332 ut
751 2268 787 2331 in
815 2279 885 2332 toto
911 2269 1031 2332 vivario
1057 2269 1114 2332 vix
1143 2292 1231 2333 unus

177 2389 270 2431 mane
295 2369 362 2433 vita
385 2379 546 2454 superstes
580 2369 789 2446 inveniretur,
814 2369 896 2432 miro
922 2379 957 2432 et
980 2369 1127 2432 inaudito
1153 2392 1229 2454 pro·

177 2470 321 2552 gnostico
346 2471 522 2535 multorum
554 2480 656 2534 morte
685 2481 822 2535 mortem
855 2471 953 2534 unius
990 2471 1231 2555 praesagientes.

178 2570 326 2656 Contigit
348 2573 445 2636 etiam
466 2573 501 2636 in
516 2573 637 2637 Wallia
650 2573 822 2657 provincia,
838 2573 989 2637 videlicet
1010 2574 1049 2637 de
1068 2574 1229 2650 Eleuam,¹

179 2695 276 2756 quam
304 2674 408 2738 solum
429 2675 470 2738 ab
497 2673 583 2737 Haia
609 2675 731 2738 flumen
758 2673 907 2756 Vagense
930 2674 1139 2752 disterminat,
1164 2675 1230 2738 duo

177 2786 289 2858 stagna
313 2797 378 2839 non
403 2776 538 2852 modica,
553 2785 648 2838 nocte
673 2797 738 2859 qua
761 2773 943 2858 Anglorum
967 2775 1044 2839 Rex
1067 2775 1232 2840 Henricus

177 2876 299 2959 primus
336 2877 433 2940 duxit
461 2888 616 2952 extrema,
646 2899 665 2939 a
691 2876 837 2939 claustris
872 2876 966 2940 alteri
1001 2900 1020 2940 a
1055 2889 1170 2941 natura
1196 2892 1230 2942 et

176 2977 270 3040 alteri
294 2976 434 3041 humano
458 2978 566 3041 labore
594 2976 719 3041 collatis
742 2977 851 3043 subito
879 2979 1042 3063 erupisse;
1071 2980 1230 3045 artificiali

177 3077 305 3162 longius
330 3101 389 3162 per
414 3079 537 3142 devexa
558 3079 691 3163 dilaps0,
707 3101 847 3164 casuque
864 3081 1014 3166 precipiti
1036 3082 1176 3160 demum,
1191 3094 1230 3146 ut

178 3202 247 3242 mos
276 3189 335 3258 est,
372 3191 541 3258 evacuat03
578 3180 716 3244 naturali
744 3203 819 3245 vero
854 3181 940 3245 ultra
976 3184 1041 3246 duo
1077 3206 1229 3268 passuum

178 3281 279 3344 millia
292 3282 327 3346 in
341 3282 421 3346 valle
438 3283 576 3366 quodam
591 3304 664 3344 cum
678 3282 825 3366 passibus
838 3282 999 3366 prioribus
1011 3294 1046 3347 et
1060 3286 1231 3349 accidenti-

177 3382 249 3459 bus,
260 3406 325 3446 non
337 3384 457 3467 absque
467 3383 643 3448 multorum
658 3384 878 3462 admiratione,
890 3397 1048 3470 perpetua
1056 3387 1232 3453 stabilitate

178 3484 286 3547 statim
311 3485 424 3548 sortito
446 3496 480 3547 et
505 3485 622 3548 iterum
649 3485 682 3548 in
706 3496 853 3568 stagnum
879 3510 1039 3551 converso.
1085 3488 1126 3550 In
1150 3488 1231 3551 urbe

181 3583 358 3649 Senonensi
395 3607 433 3646 ea
469 3593 660 3668 tempestate
699 3608 764 3668 qua
804 3585 944 3650 Thomas
983 3587 1230 3651 cantuariorum

178 3685 310 3748 antistes
331 3687 364 3748 in
383 3685 517 3748 Francia
538 3685 671 3750 exulare
693 3687 877 3772 compulsus
897 3687 1014 3766 fuerat,
1035 3699 1129 3752 nocte
1152 3712 1231 3772 qua·

179 3786 251 3850 dam
280 3797 354 3870 post
381 3787 554 3850 matutinas
584 3811 657 3852 cum
686 3789 720 3851 in
743 3789 875 3853 ecclesia
903 3790 1031 3854 Sanctae
1062 3791 1230 3856 Columbae

179 3909 284 3951 coram
311 3888 403 3952 altari
430 3898 608 3972 prostratus
634 3890 670 3952 in
698 3891 897 3954 orationibus
926 3892 983 3955 diu
1014 3895 1168 3978 jacuisset
1197 3906 1231 3961 et

179 3989 218 4051 de
245 3988 426 4072 Anglorum
456 3989 547 4074 Rege
578 3989 721 4056 Henrico
749 3993 889 4056 secundo
918 3995 1126 4079 ejusdemque
1155 3997 1230 4065 filiis

179 4101 344 4154 eteorum
372 4091 465 4154 exitu
494 4091 579 4154 inter
604 4093 759 4157 orandum
787 4093 871 4158 forte
901 4097 1080 4178 cogitasset,
1108 4100 1232 4164 audivit

216 4240 375 4292 ¹“Elcvein
398 4257 450 4292 non
478 4239 566 4310 procul
590 4257 605 4293 a
630 4240 711 4310 Vagae
736 4242 843 4296 fluvio.’'
889 4242 930 4295 De
954 4244 1042 4298 Rebus
1066 4247 1153 4315 gestis,
1178 4248 1227 4303 dcc.

179 4311 247 4378 Aug.
260 4311 317 4363 Sao.
331 4310 358 4363 ii.
370 4311 431 4364 497,
608 4315 609 4318 ’
