<?xml version="1.0" encoding="UTF-8"?>
<!DOCTYPE html PUBLIC "-//W3C//DTD XHTML 1.0 Transitional//EN"
    "http://www.w3.org/TR/xhtml1/DTD/xhtml1-transitional.dtd">
<html xmlns="http://www.w3.org/1999/xhtml" xml:lang="en" lang="en">
 <head>
  <title>
</title>
<meta http-equiv="Content-Type" content="text/html;charset=utf-8" />
  <meta name='ocr-system' content='tesseract 3.04.00' />
  <meta name='ocr-capabilities' content='ocr_page ocr_carea ocr_par ocr_line ocrx_word'/>
</head>
<body>
  <div class='ocr_page' id='page_1' title='image "./giralduscambren00giragoog_0089.png"; bbox 0 0 3000 5040; ppageno 0'>
   <div class='ocr_carea' id='block_1_1' title="bbox 254 459 1003 525">
    <p class='ocr_par' dir='ltr' id='par_1_1' title="bbox 254 459 1003 525">
     <span class='ocr_line' id='line_1_1' title="bbox 254 459 1003 525; baseline 0.005 -5"><span class='ocrx_word' id='word_1_1' title='bbox 254 459 297 520; x_wconf 74' lang='lat'><strong>48</strong></span> <span class='ocrx_word' id='word_1_2' title='bbox 559 473 752 525; x_wconf 74' lang='lat' dir='ltr'><strong>‘GIRALDUS</strong></span> <span class='ocrx_word' id='word_1_3' title='bbox 777 474 1003 525; x_wconf 81' lang='lat' dir='ltr'>OAMBRENSIS</span> 
     </span>
    </p>
   </div>
   <div class='ocr_carea' id='block_1_2' title="bbox 250 623 1310 4144">
    <p class='ocr_par' dir='ltr' id='par_1_2' title="bbox 250 623 1306 1498">
     <span class='ocr_line' id='line_1_2' title="bbox 254 623 1305 709; baseline 0.004 -25"><span class='ocrx_word' id='word_1_4' title='bbox 254 643 430 685; x_wconf 84' lang='lat' dir='ltr'><strong>marcarum</strong></span> <span class='ocrx_word' id='word_1_5' title='bbox 449 623 593 707; x_wconf 74' lang='lat' dir='ltr'><strong>argenti,</strong></span> <span class='ocrx_word' id='word_1_6' title='bbox 617 624 728 687; x_wconf 92' lang='lat' dir='ltr'><strong>domui</strong></span> <span class='ocrx_word' id='word_1_7' title='bbox 743 623 923 709; x_wconf 78' lang='lat' dir='ltr'><strong>Hospitalis</strong></span> <span class='ocrx_word' id='word_1_8' title='bbox 939 624 1145 709; x_wconf 87' lang='lat' dir='ltr'><strong>lerosolymae</strong></span> <span class='ocrx_word' id='word_1_9' title='bbox 1161 624 1305 709; x_wconf 89' lang='lat' dir='ltr'><strong>quinque</strong></span> 
     </span>
     <span class='ocr_line' id='line_1_3' title="bbox 253 723 1305 809; baseline 0.004 -23"><span class='ocrx_word' id='word_1_10' title='bbox 253 723 354 787; x_wconf 91' lang='lat' dir='ltr'><strong>millia</strong></span> <span class='ocrx_word' id='word_1_11' title='bbox 366 747 543 788; x_wconf 90' lang='lat' dir='ltr'><strong>marcarum</strong></span> <span class='ocrx_word' id='word_1_12' title='bbox 553 726 677 809; x_wconf 85' lang='lat' dir='ltr'>argenti</span> <span class='ocrx_word' id='word_1_13' title='bbox 690 751 698 802; x_wconf 82' lang='lat'>3</span> <span class='ocrx_word' id='word_1_14' title='bbox 714 727 755 789; x_wconf 89' lang='lat' dir='ltr'><strong>ad</strong></span> <span class='ocrx_word' id='word_1_15' title='bbox 766 749 967 790; x_wconf 90' lang='lat' dir='ltr'><strong>communem</strong></span> <span class='ocrx_word' id='word_1_16' title='bbox 979 727 1196 791; x_wconf 86' lang='lat' dir='ltr'><strong>defensionem</strong></span> <span class='ocrx_word' id='word_1_17' title='bbox 1209 737 1305 790; x_wconf 90' lang='lat' dir='ltr'><strong>terrae</strong></span> 
     </span>
     <span class='ocr_line' id='line_1_4' title="bbox 250 823 1306 913; baseline 0.003 -26"><span class='ocrx_word' id='word_1_18' title='bbox 250 823 541 909; x_wconf 85' lang='lat' dir='ltr'><strong>-Ierosolymitanae,</strong></span> <span class='ocrx_word' id='word_1_19' title='bbox 571 827 715 911; x_wconf 91' lang='lat' dir='ltr'><strong>quinque</strong></span> <span class='ocrx_word' id='word_1_20' title='bbox 743 828 846 891; x_wconf 89' lang='lat' dir='ltr'><strong>millia</strong></span> <span class='ocrx_word' id='word_1_21' title='bbox 873 851 1051 892; x_wconf 87' lang='lat' dir='ltr'><strong>marcarum</strong></span> <span class='ocrx_word' id='word_1_22' title='bbox 1079 828 1224 913; x_wconf 90' lang='lat' dir='ltr'><strong>argenti;</strong></span> <span class='ocrx_word' id='word_1_23' title='bbox 1248 850 1306 913; x_wconf 90' lang='lat' dir='ltr'><strong>per</strong></span> 
     </span>
     <span class='ocr_line' id='line_1_5' title="bbox 254 928 1305 1014; baseline 0.003 -25"><span class='ocrx_word' id='word_1_24' title='bbox 254 947 385 989; x_wconf 88' lang='lat' dir='ltr'><strong>manum</strong></span> <span class='ocrx_word' id='word_1_25' title='bbox 408 938 441 991; x_wconf 91' lang='lat' dir='ltr'><strong>et</strong></span> <span class='ocrx_word' id='word_1_26' title='bbox 454 928 557 991; x_wconf 90' lang='lat' dir='ltr'><strong>visum</strong></span> <span class='ocrx_word' id='word_1_27' title='bbox 570 928 802 1013; x_wconf 89' lang='lat' dir='ltr'><strong>Magistrorum</strong></span> <span class='ocrx_word' id='word_1_28' title='bbox 825 929 953 1013; x_wconf 88' lang='lat' dir='ltr'><strong>Templi</strong></span> <span class='ocrx_word' id='word_1_29' title='bbox 969 940 1002 993; x_wconf 88' lang='lat' dir='ltr'><strong>et</strong></span> <span class='ocrx_word' id='word_1_30' title='bbox 1024 929 1203 1014; x_wconf 82' lang='lat' dir='ltr'><strong>Hospitalis</strong></span> <span class='ocrx_word' id='word_1_31' title='bbox 1217 929 1305 992; x_wconf 90' lang='lat' dir='ltr'><strong>Iero-</strong></span> 
     </span>
     <span class='ocr_line' id='line_1_6' title="bbox 254 1027 1305 1116; baseline 0.003 -27"><span class='ocrx_word' id='word_1_32' title='bbox 254 1027 386 1112; x_wconf 87' lang='lat' dir='ltr'><strong>solymae</strong></span> <span class='ocrx_word' id='word_1_33' title='bbox 415 1029 587 1106; x_wconf 91' lang='lat' dir='ltr'><strong>habendas,</strong></span> <span class='ocrx_word' id='word_1_34' title='bbox 616 1041 735 1114; x_wconf 85' lang='lat' dir='ltr'><strong>praeter</strong></span> <span class='ocrx_word' id='word_1_35' title='bbox 763 1031 931 1114; x_wconf 89' lang='lat' dir='ltr'><strong>pecuniam</strong></span> <span class='ocrx_word' id='word_1_36' title='bbox 961 1032 1059 1108; x_wconf 92' lang='lat' dir='ltr'><strong>illam,</strong></span> <span class='ocrx_word' id='word_1_37' title='bbox 1089 1053 1187 1116; x_wconf 88' lang='lat' dir='ltr'><strong>quam</strong></span> <span class='ocrx_word' id='word_1_38' title='bbox 1215 1030 1305 1114; x_wconf 88' lang='lat' dir='ltr'><strong>prius</strong></span> 
     </span>
     <span class='ocr_line' id='line_1_7' title="bbox 254 1129 1304 1216; baseline 0.002 -25"><span class='ocrx_word' id='word_1_39' title='bbox 254 1129 418 1212; x_wconf 86' lang='lat' dir='ltr'><strong>praedictis</strong></span> <span class='ocrx_word' id='word_1_40' title='bbox 443 1131 590 1194; x_wconf 90' lang='lat' dir='ltr'><strong>domibus</strong></span> <span class='ocrx_word' id='word_1_41' title='bbox 615 1131 757 1215; x_wconf 90' lang='lat' dir='ltr'><strong>[Templi</strong></span> <span class='ocrx_word' id='word_1_42' title='bbox 786 1142 819 1195; x_wconf 92' lang='lat' dir='ltr'><strong>et</strong></span> <span class='ocrx_word' id='word_1_43' title='bbox 850 1131 1056 1216; x_wconf 87' lang='lat' dir='ltr'><strong>Hospitalis¹]</strong></span> <span class='ocrx_word' id='word_1_44' title='bbox 1086 1131 1304 1195; x_wconf 84' lang='lat' dir='ltr'><strong>commiseram</strong></span> 
     </span>
     <span class='ocr_line' id='line_1_8' title="bbox 254 1231 1303 1316; baseline 0.003 -24"><span class='ocrx_word' id='word_1_45' title='bbox 254 1231 516 1310; x_wconf 67' lang='lat' dir='ltr'><strong>custodiendam</strong></span> <span class='ocrx_word' id='word_1_46' title='bbox 540 1254 637 1316; x_wconf 90' lang='lat' dir='ltr'><strong>quam</strong></span> <span class='ocrx_word' id='word_1_47' title='bbox 660 1233 744 1303; x_wconf 88' lang='lat' dir='ltr'><strong>dono</strong></span> <span class='ocrx_word' id='word_1_48' title='bbox 759 1231 905 1297; x_wconf 91' lang='lat' dir='ltr'><strong>similiter</strong></span> <span class='ocrx_word' id='word_1_49' title='bbox 920 1233 960 1296; x_wconf 93' lang='lat' dir='ltr'><strong>ad</strong></span> <span class='ocrx_word' id='word_1_50' title='bbox 975 1233 1193 1296; x_wconf 87' lang='lat' dir='ltr'><strong>defensionem</strong></span> <span class='ocrx_word' id='word_1_51' title='bbox 1208 1243 1303 1296; x_wconf 88' lang='lat' dir='ltr'><strong>terrae</strong></span> 
     </span>
     <span class='ocr_line' id='line_1_9' title="bbox 253 1330 1304 1418; baseline 0.004 -26"><span class='ocrx_word' id='word_1_52' title='bbox 253 1330 354 1415; x_wconf 87' lang='lat' dir='ltr'><strong>ipsius</strong></span> <span class='ocrx_word' id='word_1_53' title='bbox 384 1331 669 1417; x_wconf 86' lang='lat' dir='ltr'><strong>Ierosolymitanae,</strong></span> <span class='ocrx_word' id='word_1_54' title='bbox 699 1333 762 1397; x_wconf 92' lang='lat' dir='ltr'><strong>nisi</strong></span> <span class='ocrx_word' id='word_1_55' title='bbox 791 1356 860 1397; x_wconf 86' lang='lat' dir='ltr'><strong>eam</strong></span> <span class='ocrx_word' id='word_1_56' title='bbox 896 1334 931 1396; x_wconf 93' lang='lat' dir='ltr'><strong>in</strong></span> <span class='ocrx_word' id='word_1_57' title='bbox 959 1334 1026 1398; x_wconf 87' lang='lat' dir='ltr'><strong>vita</strong></span> <span class='ocrx_word' id='word_1_58' title='bbox 1054 1356 1125 1397; x_wconf 91' lang='lat' dir='ltr'><strong>mea</strong></span> <span class='ocrx_word' id='word_1_59' title='bbox 1159 1345 1304 1418; x_wconf 89' lang='lat' dir='ltr'><strong>repetere</strong></span> 
     </span>
     <span class='ocr_line' id='line_1_10' title="bbox 253 1431 394 1498; baseline 0.021 -3"><span class='ocrx_word' id='word_1_60' title='bbox 253 1431 394 1498; x_wconf 90' lang='lat' dir='ltr'><strong>voluero.</strong></span> 
     </span>
    </p>

    <p class='ocr_par' dir='ltr' id='par_1_3' title="bbox 254 1535 1306 2023">
     <span class='ocr_line' id='line_1_11' title="bbox 298 1535 1304 1621; baseline 0.001 -23"><span class='ocrx_word' id='word_1_61' title='bbox 298 1538 319 1569; x_wconf 91' lang='lat'><strong><em>“</em></strong></span> <span class='ocrx_word' id='word_1_62' title='bbox 332 1535 378 1598; x_wconf 85' lang='lat' dir='ltr'><strong>Et</strong></span> <span class='ocrx_word' id='word_1_63' title='bbox 386 1535 456 1599; x_wconf 89' lang='lat' dir='ltr'><strong>aliis</strong></span> <span class='ocrx_word' id='word_1_64' title='bbox 466 1536 613 1601; x_wconf 88' lang='lat' dir='ltr'><strong>domibus</strong></span> <span class='ocrx_word' id='word_1_65' title='bbox 621 1537 777 1621; x_wconf 87' lang='lat' dir='ltr'><strong>religiosis</strong></span> <span class='ocrx_word' id='word_1_66' title='bbox 785 1539 886 1602; x_wconf 87' lang='lat' dir='ltr'><strong>totius</strong></span> <span class='ocrx_word' id='word_1_67' title='bbox 896 1548 990 1602; x_wconf 89' lang='lat' dir='ltr'><strong>terrae</strong></span> <span class='ocrx_word' id='word_1_68' title='bbox 1000 1536 1304 1620; x_wconf 88' lang='lat' dir='ltr'><strong>Hierosolymitanae</strong></span> 
     </span>
     <span class='ocr_line' id='line_1_12' title="bbox 255 1634 1305 1722; baseline 0.002 -24"><span class='ocrx_word' id='word_1_69' title='bbox 255 1645 289 1698; x_wconf 92' lang='lat' dir='ltr'><strong>et</strong></span> <span class='ocrx_word' id='word_1_70' title='bbox 301 1634 436 1719; x_wconf 86' lang='lat' dir='ltr'><strong>leprosis</strong></span> <span class='ocrx_word' id='word_1_71' title='bbox 450 1648 484 1700; x_wconf 90' lang='lat' dir='ltr'><strong>et</strong></span> <span class='ocrx_word' id='word_1_72' title='bbox 496 1637 628 1702; x_wconf 85' lang='lat' dir='ltr'><strong>inclusis</strong></span> <span class='ocrx_word' id='word_1_73' title='bbox 643 1649 676 1702; x_wconf 92' lang='lat' dir='ltr'><strong>et</strong></span> <span class='ocrx_word' id='word_1_74' title='bbox 697 1639 862 1702; x_wconf 82' lang='lat' dir='ltr'><strong>heremitis</strong></span> <span class='ocrx_word' id='word_1_75' title='bbox 885 1639 1028 1722; x_wconf 88' lang='lat' dir='ltr'><strong>ejusdem</strong></span> <span class='ocrx_word' id='word_1_76' title='bbox 1050 1638 1145 1702; x_wconf 85' lang='lat' dir='ltr'><strong>terrae</strong></span> <span class='ocrx_word' id='word_1_77' title='bbox 1162 1639 1305 1721; x_wconf 90' lang='lat' dir='ltr'><strong>quinque</strong></span> 
     </span>
     <span class='ocr_line' id='line_1_13' title="bbox 254 1736 1306 1822; baseline 0.002 -24"><span class='ocrx_word' id='word_1_78' title='bbox 254 1736 355 1799; x_wconf 89' lang='lat' dir='ltr'><strong>millia</strong></span> <span class='ocrx_word' id='word_1_79' title='bbox 375 1760 551 1801; x_wconf 90' lang='lat' dir='ltr'><strong>marcarum</strong></span> <span class='ocrx_word' id='word_1_80' title='bbox 566 1740 700 1822; x_wconf 86' lang='lat' dir='ltr'><strong>argenti,</strong></span> <span class='ocrx_word' id='word_1_81' title='bbox 724 1739 907 1802; x_wconf 86' lang='lat' dir='ltr'><strong>dividendas</strong></span> <span class='ocrx_word' id='word_1_82' title='bbox 928 1761 986 1822; x_wconf 91' lang='lat' dir='ltr'><strong>per</strong></span> <span class='ocrx_word' id='word_1_83' title='bbox 1006 1760 1137 1801; x_wconf 90' lang='lat' dir='ltr'><strong>manum</strong></span> <span class='ocrx_word' id='word_1_84' title='bbox 1155 1750 1188 1801; x_wconf 92' lang='lat' dir='ltr'><strong>et</strong></span> <span class='ocrx_word' id='word_1_85' title='bbox 1202 1739 1306 1800; x_wconf 88' lang='lat' dir='ltr'><strong>visum</strong></span> 
     </span>
     <span class='ocr_line' id='line_1_14' title="bbox 256 1836 1305 1924; baseline 0.001 -24"><span class='ocrx_word' id='word_1_86' title='bbox 256 1836 450 1901; x_wconf 90' lang='lat' dir='ltr'><strong>Patriarchae</strong></span> <span class='ocrx_word' id='word_1_87' title='bbox 476 1838 681 1922; x_wconf 82' lang='lat' dir='ltr'><strong>lerosolymae</strong></span> <span class='ocrx_word' id='word_1_88' title='bbox 705 1850 738 1903; x_wconf 89' lang='lat' dir='ltr'><strong>et</strong></span> <span class='ocrx_word' id='word_1_89' title='bbox 752 1840 986 1924; x_wconf 88' lang='lat' dir='ltr'><strong>Episcoporum</strong></span> <span class='ocrx_word' id='word_1_90' title='bbox 1008 1848 1103 1903; x_wconf 89' lang='lat' dir='ltr'><strong>terrae</strong></span> <span class='ocrx_word' id='word_1_91' title='bbox 1127 1848 1161 1902; x_wconf 90' lang='lat' dir='ltr'><strong>et</strong></span> <span class='ocrx_word' id='word_1_92' title='bbox 1184 1839 1305 1922; x_wconf 88' lang='lat' dir='ltr'><strong>Magis-</strong></span> 
     </span>
     <span class='ocr_line' id='line_1_15' title="bbox 255 1937 775 2023; baseline 0.008 -23"><span class='ocrx_word' id='word_1_93' title='bbox 255 1949 379 2001; x_wconf 90' lang='lat' dir='ltr'><strong>trorum</strong></span> <span class='ocrx_word' id='word_1_94' title='bbox 394 1937 522 2021; x_wconf 87' lang='lat' dir='ltr'><strong>Templi</strong></span> <span class='ocrx_word' id='word_1_95' title='bbox 537 1948 571 2001; x_wconf 88' lang='lat' dir='ltr'><strong>et</strong></span> <span class='ocrx_word' id='word_1_96' title='bbox 586 1938 775 2023; x_wconf 85' lang='lat' dir='ltr'><strong>Hospitalis.</strong></span> 
     </span>
    </p>

    <p class='ocr_par' dir='ltr' id='par_1_4' title="bbox 256 2038 1307 2732">
     <span class='ocr_line' id='line_1_16' title="bbox 299 2038 1305 2124; baseline 0.002 -23"><span class='ocrx_word' id='word_1_97' title='bbox 299 2043 321 2073; x_wconf 92' lang='lat'><strong>“</strong></span> <span class='ocrx_word' id='word_1_98' title='bbox 331 2038 491 2102; x_wconf 90' lang='lat' dir='ltr'><strong>Domibus</strong></span> <span class='ocrx_word' id='word_1_99' title='bbox 502 2039 657 2122; x_wconf 84' lang='lat' dir='ltr'><strong>religiosis</strong></span> <span class='ocrx_word' id='word_1_100' title='bbox 669 2039 810 2124; x_wconf 84' lang='lat' dir='ltr'><strong>Angliae,</strong></span> <span class='ocrx_word' id='word_1_101' title='bbox 818 2041 1058 2117; x_wconf 89' lang='lat' dir='ltr'><strong>monachorum,</strong></span> <span class='ocrx_word' id='word_1_102' title='bbox 1071 2040 1305 2116; x_wconf 89' lang='lat' dir='ltr'><strong>canonicorum,</strong></span> 
     </span>
     <span class='ocr_line' id='line_1_17' title="bbox 256 2136 1306 2226; baseline 0 -23"><span class='ocrx_word' id='word_1_103' title='bbox 256 2139 554 2217; x_wconf 85' lang='lat' dir='ltr'><strong>sanctimonialium,</strong></span> <span class='ocrx_word' id='word_1_104' title='bbox 571 2136 750 2226; x_wconf 70' lang='lat' dir='ltr'><strong>leprosis&#39;et</strong></span> <span class='ocrx_word' id='word_1_105' title='bbox 768 2141 911 2218; x_wconf 90' lang='lat' dir='ltr'><strong>inclusis,</strong></span> <span class='ocrx_word' id='word_1_106' title='bbox 928 2152 961 2204; x_wconf 89' lang='lat' dir='ltr'><strong>et</strong></span> <span class='ocrx_word' id='word_1_107' title='bbox 975 2141 1139 2204; x_wconf 90' lang='lat' dir='ltr'><strong>heremitis</strong></span> <span class='ocrx_word' id='word_1_108' title='bbox 1162 2142 1306 2225; x_wconf 87' lang='lat' dir='ltr'><strong>ejusdem</strong></span> 
     </span>
     <span class='ocr_line' id='line_1_18' title="bbox 256 2241 1306 2326; baseline 0 -22"><span class='ocrx_word' id='word_1_109' title='bbox 256 2251 363 2319; x_wconf 89' lang='lat' dir='ltr'><strong>terrae,</strong></span> <span class='ocrx_word' id='word_1_110' title='bbox 392 2241 537 2325; x_wconf 88' lang='lat' dir='ltr'><strong>quinque</strong></span> <span class='ocrx_word' id='word_1_111' title='bbox 565 2241 683 2304; x_wconf 75' lang='lat' dir='ltr'><strong>millia2</strong></span> <span class='ocrx_word' id='word_1_112' title='bbox 711 2264 831 2305; x_wconf 90' lang='lat' dir='ltr'><strong>marcas</strong></span> <span class='ocrx_word' id='word_1_113' title='bbox 867 2243 991 2324; x_wconf 88' lang='lat' dir='ltr'><strong>argenti</strong></span> <span class='ocrx_word' id='word_1_114' title='bbox 1027 2242 1212 2305; x_wconf 89' lang='lat' dir='ltr'><strong>dividendas</strong></span> <span class='ocrx_word' id='word_1_115' title='bbox 1248 2265 1306 2326; x_wconf 88' lang='lat' dir='ltr'><strong>per</strong></span> 
     </span>
     <span class='ocr_line' id='line_1_19' title="bbox 256 2342 1305 2427; baseline 0 -22"><span class='ocrx_word' id='word_1_116' title='bbox 256 2365 387 2407; x_wconf 89' lang='lat' dir='ltr'><strong>manum</strong></span> <span class='ocrx_word' id='word_1_117' title='bbox 423 2353 457 2406; x_wconf 90' lang='lat' dir='ltr'><strong>et</strong></span> <span class='ocrx_word' id='word_1_118' title='bbox 484 2343 588 2407; x_wconf 91' lang='lat' dir='ltr'><strong>visum</strong></span> <span class='ocrx_word' id='word_1_119' title='bbox 623 2343 755 2406; x_wconf 89' lang='lat' dir='ltr'><strong>Ricardi</strong></span> <span class='ocrx_word' id='word_1_120' title='bbox 793 2343 1032 2407; x_wconf 87' lang='lat' dir='ltr'><strong>Cantuariensis</strong></span> <span class='ocrx_word' id='word_1_121' title='bbox 1060 2342 1305 2427; x_wconf 84' lang='lat' dir='ltr'><strong>Archiepiscopi</strong></span> 
     </span>
     <span class='ocr_line' id='line_1_20' title="bbox 257 2443 1307 2528; baseline 0 -21"><span class='ocrx_word' id='word_1_122' title='bbox 257 2454 291 2507; x_wconf 90' lang='lat' dir='ltr'><strong>et</strong></span> <span class='ocrx_word' id='word_1_123' title='bbox 318 2443 450 2508; x_wconf 88' lang='lat' dir='ltr'><strong>Ricardi</strong></span> <span class='ocrx_word' id='word_1_124' title='bbox 474 2444 719 2522; x_wconf 90' lang='lat' dir='ltr'><strong>Wintoniensis,</strong></span> <span class='ocrx_word' id='word_1_125' title='bbox 750 2455 783 2508; x_wconf 88' lang='lat' dir='ltr'><strong>et</strong></span> <span class='ocrx_word' id='word_1_126' title='bbox 811 2445 970 2509; x_wconf 89' lang='lat' dir='ltr'><strong>Baldwini</strong></span> <span class='ocrx_word' id='word_1_127' title='bbox 996 2445 1243 2528; x_wconf 90' lang='lat' dir='ltr'><strong>Wigorniensis,</strong></span> <span class='ocrx_word' id='word_1_128' title='bbox 1274 2456 1307 2507; x_wconf 88' lang='lat' dir='ltr'><strong>et</strong></span> 
     </span>
     <span class='ocr_line' id='line_1_21' title="bbox 257 2544 1305 2630; baseline -0.001 -22"><span class='ocrx_word' id='word_1_129' title='bbox 257 2544 398 2608; x_wconf 88' lang='lat' dir='ltr'><strong>Galfridi</strong></span> <span class='ocrx_word' id='word_1_130' title='bbox 417 2545 577 2630; x_wconf 89' lang='lat' dir='ltr'><strong>Elyensis,</strong></span> <span class='ocrx_word' id='word_1_131' title='bbox 599 2556 633 2609; x_wconf 88' lang='lat' dir='ltr'><strong>et</strong></span> <span class='ocrx_word' id='word_1_132' title='bbox 651 2546 809 2610; x_wconf 57' lang='lat' dir='ltr'><strong>lobannis&gt;</strong></span> <span class='ocrx_word' id='word_1_133' title='bbox 826 2546 1042 2610; x_wconf 89' lang='lat' dir='ltr'><strong>Norwicensis</strong></span> <span class='ocrx_word' id='word_1_134' title='bbox 1060 2546 1305 2630; x_wconf 88' lang='lat' dir='ltr'><strong>Episcoporum,</strong></span> 
     </span>
     <span class='ocr_line' id='line_1_22' title="bbox 257 2645 1062 2732; baseline 0 -22"><span class='ocrx_word' id='word_1_135' title='bbox 257 2657 291 2710; x_wconf 89' lang='lat' dir='ltr'><strong>et</strong></span> <span class='ocrx_word' id='word_1_136' title='bbox 305 2646 474 2732; x_wconf 90' lang='lat' dir='ltr'><strong>Ranulphi</strong></span> <span class='ocrx_word' id='word_1_137' title='bbox 489 2647 528 2710; x_wconf 90' lang='lat' dir='ltr'><strong>de</strong></span> <span class='ocrx_word' id='word_1_138' title='bbox 541 2645 727 2710; x_wconf 87' lang='lat' dir='ltr'><strong>Glaunvilla</strong></span> <span class='ocrx_word' id='word_1_139' title='bbox 737 2647 907 2732; x_wconf 85' lang='lat' dir='ltr'><strong>justitiarii</strong></span> <span class='ocrx_word' id='word_1_140' title='bbox 920 2647 1062 2729; x_wconf 85' lang='lat' dir='ltr'><strong>Angliae.</strong></span> 
     </span>
    </p>

    <p class='ocr_par' dir='ltr' id='par_1_5' title="bbox 257 2747 1308 3234">
     <span class='ocr_line' id='line_1_23' title="bbox 301 2747 1307 2831; baseline -0.004 -17"><span class='ocrx_word' id='word_1_141' title='bbox 301 2754 322 2785; x_wconf 92' lang='lat'><strong>“</strong></span> <span class='ocrx_word' id='word_1_142' title='bbox 335 2749 496 2814; x_wconf 90' lang='lat' dir='ltr'><strong>Domibus</strong></span> <span class='ocrx_word' id='word_1_143' title='bbox 509 2748 666 2831; x_wconf 89' lang='lat' dir='ltr'><strong>religiosis</strong></span> <span class='ocrx_word' id='word_1_144' title='bbox 681 2747 902 2824; x_wconf 89' lang='lat' dir='ltr'><strong>Normanniae,</strong></span> <span class='ocrx_word' id='word_1_145' title='bbox 918 2747 1156 2823; x_wconf 89' lang='lat' dir='ltr'><strong>monachorum,</strong></span> <span class='ocrx_word' id='word_1_146' title='bbox 1179 2747 1307 2811; x_wconf 90' lang='lat' dir='ltr'><strong>canoni-</strong></span> 
     </span>
     <span class='ocr_line' id='line_1_24' title="bbox 258 2849 1307 2933; baseline -0.004 -19"><span class='ocrx_word' id='word_1_147' title='bbox 258 2873 378 2928; x_wconf 90' lang='lat' dir='ltr'><strong>corum,</strong></span> <span class='ocrx_word' id='word_1_148' title='bbox 392 2849 691 2925; x_wconf 89' lang='lat' dir='ltr'><strong>sanctimonialium,</strong></span> <span class='ocrx_word' id='word_1_149' title='bbox 708 2858 749 2912; x_wconf 80' lang='lat' dir='ltr'><strong>-et</strong></span> <span class='ocrx_word' id='word_1_150' title='bbox 770 2849 901 2911; x_wconf 89' lang='lat' dir='ltr'><strong>inclusis</strong></span> <span class='ocrx_word' id='word_1_151' title='bbox 924 2858 958 2911; x_wconf 90' lang='lat' dir='ltr'><strong>et</strong></span> <span class='ocrx_word' id='word_1_152' title='bbox 984 2849 1149 2912; x_wconf 88' lang='lat' dir='ltr'><strong>heremitis</strong></span> <span class='ocrx_word' id='word_1_153' title='bbox 1164 2850 1307 2933; x_wconf 88' lang='lat' dir='ltr'><strong>ejusdem</strong></span> 
     </span>
     <span class='ocr_line' id='line_1_25' title="bbox 257 2949 1306 3032; baseline -0.005 -16"><span class='ocrx_word' id='word_1_154' title='bbox 257 2963 353 3016; x_wconf 88' lang='lat' dir='ltr'><strong>terrae</strong></span> <span class='ocrx_word' id='word_1_155' title='bbox 369 2953 430 3016; x_wconf 91' lang='lat' dir='ltr'><strong>tria</strong></span> <span class='ocrx_word' id='word_1_156' title='bbox 443 2951 545 3014; x_wconf 90' lang='lat' dir='ltr'><strong>millia</strong></span> <span class='ocrx_word' id='word_1_157' title='bbox 564 2973 742 3013; x_wconf 90' lang='lat' dir='ltr'><strong>marcarum</strong></span> <span class='ocrx_word' id='word_1_158' title='bbox 762 2950 888 3032; x_wconf 86' lang='lat' dir='ltr'><strong>argenti</strong></span> <span class='ocrx_word' id='word_1_159' title='bbox 903 2949 1087 3012; x_wconf 89' lang='lat' dir='ltr'><strong>dividendas</strong></span> <span class='ocrx_word' id='word_1_160' title='bbox 1104 2971 1163 3032; x_wconf 89' lang='lat' dir='ltr'><strong>per</strong></span> <span class='ocrx_word' id='word_1_161' title='bbox 1176 2971 1306 3012; x_wconf 90' lang='lat' dir='ltr'><strong>manum</strong></span> 
     </span>
     <span class='ocr_line' id='line_1_26' title="bbox 259 3047 1308 3134; baseline -0.005 -19"><span class='ocrx_word' id='word_1_162' title='bbox 259 3062 292 3115; x_wconf 91' lang='lat' dir='ltr'><strong>et</strong></span> <span class='ocrx_word' id='word_1_163' title='bbox 304 3054 407 3118; x_wconf 90' lang='lat' dir='ltr'><strong>visum</strong></span> <span class='ocrx_word' id='word_1_164' title='bbox 422 3049 691 3134; x_wconf 88' lang='lat' dir='ltr'><strong>Rothomagensis</strong></span> <span class='ocrx_word' id='word_1_165' title='bbox 706 3048 961 3133; x_wconf 83' lang='lat' dir='ltr'><strong>Archiepiscopi,</strong></span> <span class='ocrx_word' id='word_1_166' title='bbox 975 3048 1170 3123; x_wconf 87' lang='lat' dir='ltr'><strong>Baiocensis,</strong></span> <span class='ocrx_word' id='word_1_167' title='bbox 1186 3047 1308 3111; x_wconf 90' lang='lat' dir='ltr'><strong>Abrin-</strong></span> 
     </span>
     <span class='ocr_line' id='line_1_27' title="bbox 259 3149 1077 3234; baseline -0.011 -14"><span class='ocrx_word' id='word_1_168' title='bbox 259 3155 372 3232; x_wconf 90' lang='lat' dir='ltr'><strong>censis,</strong></span> <span class='ocrx_word' id='word_1_169' title='bbox 389 3151 598 3234; x_wconf 12' lang='lat' dir='ltr'><strong>Sagiensislet</strong></span> <span class='ocrx_word' id='word_1_170' title='bbox 612 3150 817 3214; x_wconf 90' lang='lat' dir='ltr'><strong>Ebroicensis</strong></span> <span class='ocrx_word' id='word_1_171' title='bbox 832 3149 1077 3233; x_wconf 90' lang='lat' dir='ltr'><strong>Episcoporum.</strong></span> 
     </span>
    </p>

    <p class='ocr_par' dir='ltr' id='par_1_6' title="bbox 259 3250 1308 3637">
     <span class='ocr_line' id='line_1_28' title="bbox 302 3250 1308 3334; baseline -0.003 -17"><span class='ocrx_word' id='word_1_172' title='bbox 302 3253 489 3318; x_wconf 92' lang='lat' dir='ltr'><strong>“Domibus</strong></span> <span class='ocrx_word' id='word_1_173' title='bbox 500 3251 698 3334; x_wconf 90' lang='lat' dir='ltr'><strong>leprosorum</strong></span> <span class='ocrx_word' id='word_1_174' title='bbox 707 3250 850 3333; x_wconf 83' lang='lat' dir='ltr'><strong>ejusdem</strong></span> <span class='ocrx_word' id='word_1_175' title='bbox 862 3259 956 3312; x_wconf 86' lang='lat' dir='ltr'><strong>terrae</strong></span> <span class='ocrx_word' id='word_1_176' title='bbox 969 3269 1040 3312; x_wconf 85' lang='lat' dir='ltr'><strong>ccc.</strong></span> <span class='ocrx_word' id='word_1_177' title='bbox 1053 3272 1174 3312; x_wconf 91' lang='lat' dir='ltr'><strong>marcas</strong></span> <span class='ocrx_word' id='word_1_178' title='bbox 1185 3254 1308 3333; x_wconf 89' lang='lat' dir='ltr'><strong>argenti</strong></span> 
     </span>
     <span class='ocr_line' id='line_1_29' title="bbox 259 3349 1308 3440; baseline -0.003 -21"><span class='ocrx_word' id='word_1_179' title='bbox 259 3378 317 3440; x_wconf 92' lang='lat' dir='ltr'><strong>per</strong></span> <span class='ocrx_word' id='word_1_180' title='bbox 330 3375 461 3418; x_wconf 91' lang='lat' dir='ltr'><strong>manum</strong></span> <span class='ocrx_word' id='word_1_181' title='bbox 475 3362 509 3416; x_wconf 87' lang='lat' dir='ltr'><strong>et</strong></span> <span class='ocrx_word' id='word_1_182' title='bbox 527 3351 631 3415; x_wconf 89' lang='lat' dir='ltr'><strong>visum</strong></span> <span class='ocrx_word' id='word_1_183' title='bbox 644 3351 873 3434; x_wconf 88' lang='lat' dir='ltr'><strong>praedictorum</strong></span> <span class='ocrx_word' id='word_1_184' title='bbox 888 3349 1083 3414; x_wconf 87' lang='lat' dir='ltr'><strong>dividendas.</strong></span> <span class='ocrx_word' id='word_1_185' title='bbox 1109 3351 1308 3416; x_wconf 90' lang='lat' dir='ltr'><strong>Monialibus</strong></span> 
     </span>
     <span class='ocr_line' id='line_1_30' title="bbox 260 3450 1308 3536; baseline -0.005 -15"><span class='ocrx_word' id='word_1_186' title='bbox 260 3457 453 3522; x_wconf 87' lang='lat' dir='ltr'><strong>Moretaniae</strong></span> <span class='ocrx_word' id='word_1_187' title='bbox 467 3475 496 3518; x_wconf 90' lang='lat' dir='ltr'><strong>c.</strong></span> <span class='ocrx_word' id='word_1_188' title='bbox 512 3475 632 3516; x_wconf 89' lang='lat' dir='ltr'><strong>marcas</strong></span> <span class='ocrx_word' id='word_1_189' title='bbox 646 3452 781 3536; x_wconf 87' lang='lat' dir='ltr'><strong>argenti.</strong></span> <span class='ocrx_word' id='word_1_190' title='bbox 826 3450 1026 3516; x_wconf 86' lang='lat' dir='ltr'><strong>Monialibus</strong></span> <span class='ocrx_word' id='word_1_191' title='bbox 1040 3453 1078 3516; x_wconf 90' lang='lat' dir='ltr'><strong>de</strong></span> <span class='ocrx_word' id='word_1_192' title='bbox 1090 3452 1236 3518; x_wconf 73' lang='lat' dir='ltr'><strong>Veilers³</strong></span> <span class='ocrx_word' id='word_1_193' title='bbox 1251 3477 1308 3516; x_wconf 86' lang='lat' dir='ltr'><strong>ex·</strong></span> 
     </span>
     <span class='ocr_line' id='line_1_31' title="bbox 260 3553 806 3637; baseline -0.013 -14"><span class='ocrx_word' id='word_1_194' title='bbox 260 3570 310 3623; x_wconf 88' lang='lat' dir='ltr'><strong>tra</strong></span> <span class='ocrx_word' id='word_1_195' title='bbox 324 3556 480 3622; x_wconf 88' lang='lat' dir='ltr'><strong>Falesiam</strong></span> <span class='ocrx_word' id='word_1_196' title='bbox 495 3575 524 3619; x_wconf 87' lang='lat' dir='ltr'><strong>c.</strong></span> <span class='ocrx_word' id='word_1_197' title='bbox 538 3576 657 3618; x_wconf 86' lang='lat' dir='ltr'><strong>marcas</strong></span> <span class='ocrx_word' id='word_1_198' title='bbox 672 3553 806 3637; x_wconf 86' lang='lat' dir='ltr'><strong>argenti.</strong></span> 
     </span>
    </p>

    <p class='ocr_par' dir='ltr' id='par_1_7' title="bbox 257 3654 1310 4144">
     <span class='ocr_line' id='line_1_32' title="bbox 304 3654 1309 3741; baseline -0.003 -17"><span class='ocrx_word' id='word_1_199' title='bbox 304 3665 325 3697; x_wconf 93' lang='lat'>“</span> <span class='ocrx_word' id='word_1_200' title='bbox 336 3658 496 3724; x_wconf 91' lang='lat' dir='ltr'><strong>Domibus</strong></span> <span class='ocrx_word' id='word_1_201' title='bbox 506 3656 662 3741; x_wconf 90' lang='lat' dir='ltr'><strong>religiosis</strong></span> <span class='ocrx_word' id='word_1_202' title='bbox 671 3666 766 3720; x_wconf 87' lang='lat' dir='ltr'><strong>terrae</strong></span> <span class='ocrx_word' id='word_1_203' title='bbox 777 3654 913 3719; x_wconf 86' lang='lat' dir='ltr'><strong>Comitis</strong></span> <span class='ocrx_word' id='word_1_204' title='bbox 926 3654 1122 3740; x_wconf 86' lang='lat' dir='ltr'><strong>Andegaviae</strong></span> <span class='ocrx_word' id='word_1_205' title='bbox 1134 3657 1234 3740; x_wconf 88' lang='lat' dir='ltr'><strong>patris</strong></span> <span class='ocrx_word' id='word_1_206' title='bbox 1246 3659 1309 3721; x_wconf 86' lang='lat' dir='ltr'><strong>mei</strong></span> 
     </span>
     <span class='ocr_line' id='line_1_33' title="bbox 261 3757 1310 3848; baseline -0.004 -22"><span class='ocrx_word' id='word_1_207' title='bbox 261 3761 419 3846; x_wconf 86' lang='lat' dir='ltr'><strong>(exceptis</strong></span> <span class='ocrx_word' id='word_1_208' title='bbox 432 3759 625 3824; x_wconf 91' lang='lat' dir='ltr'><strong>monialibus</strong></span> <span class='ocrx_word' id='word_1_209' title='bbox 640 3759 679 3822; x_wconf 92' lang='lat' dir='ltr'><strong>de</strong></span> <span class='ocrx_word' id='word_1_210' title='bbox 695 3758 806 3821; x_wconf 89' lang='lat' dir='ltr'><strong>ordine</strong></span> <span class='ocrx_word' id='word_1_211' title='bbox 822 3757 934 3821; x_wconf 83' lang='lat' dir='ltr'><strong>Fontis</strong></span> <span class='ocrx_word' id='word_1_212' title='bbox 949 3757 1113 3848; x_wconf 85' lang='lat' dir='ltr'><strong>Ebrardi),</strong></span> <span class='ocrx_word' id='word_1_213' title='bbox 1125 3758 1213 3822; x_wconf 92' lang='lat' dir='ltr'><strong>mille</strong></span> <span class='ocrx_word' id='word_1_214' title='bbox 1227 3783 1310 3822; x_wconf 90' lang='lat' dir='ltr'><strong>mar-</strong></span> 
     </span>
     <span class='ocr_line' id='line_1_34' title="bbox 262 3859 1310 3946; baseline -0.005 -18"><span class='ocrx_word' id='word_1_215' title='bbox 262 3866 327 3928; x_wconf 85' lang='lat' dir='ltr'><strong>cas⁴</strong></span> <span class='ocrx_word' id='word_1_216' title='bbox 348 3862 483 3946; x_wconf 90' lang='lat' dir='ltr'><strong>argenti,</strong></span> <span class='ocrx_word' id='word_1_217' title='bbox 506 3884 564 3946; x_wconf 90' lang='lat' dir='ltr'><strong>per</strong></span> <span class='ocrx_word' id='word_1_218' title='bbox 586 3882 698 3923; x_wconf 91' lang='lat' dir='ltr'><strong>manus</strong></span> <span class='ocrx_word' id='word_1_219' title='bbox 725 3859 960 3943; x_wconf 87' lang='lat' dir='ltr'><strong>Episcoporum</strong></span> <span class='ocrx_word' id='word_1_220' title='bbox 985 3859 1254 3922; x_wconf 82' lang='lat' dir='ltr'><strong>Oenomannensis</strong></span> <span class='ocrx_word' id='word_1_221' title='bbox 1278 3872 1310 3923; x_wconf 90' lang='lat' dir='ltr'><strong>et</strong></span> 
     </span>
     <span class='ocr_line' id='line_1_35' title="bbox 263 3960 1310 4047; baseline -0.006 -19"><span class='ocrx_word' id='word_1_222' title='bbox 263 3962 502 4047; x_wconf 87' lang='lat' dir='ltr'><strong>Andegavensis</strong></span> <span class='ocrx_word' id='word_1_223' title='bbox 530 3962 734 4038; x_wconf 82' lang='lat' dir='ltr'><strong>dividendas3</strong></span> <span class='ocrx_word' id='word_1_224' title='bbox 772 3960 849 4043; x_wconf 90' lang='lat' dir='ltr'><strong>ipsis</strong></span> <span class='ocrx_word' id='word_1_225' title='bbox 874 3969 982 4022; x_wconf 91' lang='lat' dir='ltr'><strong>autem</strong></span> <span class='ocrx_word' id='word_1_226' title='bbox 1017 3961 1310 4023; x_wconf 87' lang='lat' dir='ltr'><strong>sanctimonialibus</strong></span> 
     </span>
     <span class='ocr_line' id='line_1_36' title="bbox 257 4059 1309 4144; baseline -0.004 -17"><span class='ocrx_word' id='word_1_227' title='bbox 257 4065 375 4128; x_wconf 51' lang='lat' dir='ltr'><strong>¹Fontis</strong></span> <span class='ocrx_word' id='word_1_228' title='bbox 386 4063 524 4127; x_wconf 87' lang='lat' dir='ltr'><strong>Ebrardi</strong></span> <span class='ocrx_word' id='word_1_229' title='bbox 534 4073 567 4126; x_wconf 86' lang='lat' dir='ltr'><strong>et</strong></span> <span class='ocrx_word' id='word_1_230' title='bbox 576 4062 722 4126; x_wconf 88' lang='lat' dir='ltr'><strong>domibus</strong></span> <span class='ocrx_word' id='word_1_231' title='bbox 732 4061 832 4144; x_wconf 91' lang='lat' dir='ltr'><strong>ipsius</strong></span> <span class='ocrx_word' id='word_1_232' title='bbox 844 4059 974 4137; x_wconf 87' lang='lat' dir='ltr'><strong>ordinis,</strong></span> <span class='ocrx_word' id='word_1_233' title='bbox 987 4060 1052 4122; x_wconf 92' lang='lat' dir='ltr'><strong>duo</strong></span> <span class='ocrx_word' id='word_1_234' title='bbox 1061 4060 1161 4122; x_wconf 92' lang='lat' dir='ltr'><strong>millia</strong></span> <span class='ocrx_word' id='word_1_235' title='bbox 1169 4063 1182 4100; x_wconf 78' lang='lat'>⁶</span> <span class='ocrx_word' id='word_1_236' title='bbox 1191 4082 1309 4123; x_wconf 86' lang='lat' dir='ltr'><strong>marca·</strong></span> 
     </span>
    </p>
   </div>
   <div class='ocr_carea' id='block_1_3' title="bbox 298 4190 1226 4318">
    <p class='ocr_par' dir='ltr' id='par_1_8' title="bbox 298 4190 1226 4318">
     <span class='ocr_line' id='line_1_37' title="bbox 298 4190 1012 4249; baseline -0.006 -1"><span class='ocrx_word' id='word_1_237' title='bbox 298 4195 385 4249; x_wconf 80' lang='grc' dir='ltr'><strong>ι011.</strong></span> <span class='ocrx_word' id='word_1_238' title='bbox 398 4194 456 4249; x_wconf 87' lang='lat' dir='ltr'><strong>MS.</strong></span> <span class='ocrx_word' id='word_1_239' title='bbox 562 4191 722 4247; x_wconf 78' lang='lat' dir='ltr'><strong>²0m.MS.</strong></span> <span class='ocrx_word' id='word_1_240' title='bbox 846 4190 934 4244; x_wconf 89' lang='lat' dir='ltr'><strong>⁴Om.</strong></span> <span class='ocrx_word' id='word_1_241' title='bbox 954 4190 1012 4244; x_wconf 86' lang='lat' dir='ltr'><strong>MS.</strong></span> 
     </span>
     <span class='ocr_line' id='line_1_38' title="bbox 298 4258 1226 4318; baseline -0.006 0"><span class='ocrx_word' id='word_1_242' title='bbox 298 4264 418 4318; x_wconf 70' lang='lat' dir='ltr'><strong>’Jaters</strong></span> <span class='ocrx_word' id='word_1_243' title='bbox 454 4264 601 4316; x_wconf 85' lang='lat' dir='ltr'><strong>Gervasius.</strong></span> <span class='ocrx_word' id='word_1_244' title='bbox 845 4259 955 4312; x_wconf 73' lang='lat' dir='ltr'><em>⁶MM.</em></span> <span class='ocrx_word' id='word_1_245' title='bbox 969 4276 1071 4311; x_wconf 80' lang='lat' dir='ltr'><strong>marcas.</strong></span> <span class='ocrx_word' id='word_1_246' title='bbox 1109 4258 1226 4312; x_wconf 81' lang='lat' dir='ltr'><strong>Foedera.</strong></span> 
     </span>
    </p>
   </div>
   <div class='ocr_carea' id='block_1_4' title="bbox 0 0 1516 5040">
    <p class='ocr_par' dir='ltr' id='par_1_9' title="bbox 0 0 1516 5040">
     <span class='ocr_line' id='line_1_39' title="bbox 0 0 1516 5040; baseline 0 0"><span class='ocrx_word' id='word_1_247' title='bbox 0 0 1516 5040; x_wconf 95' lang='lat' dir='ltr'><strong> </strong></span> 
     </span>
    </p>
   </div>
  </div>
 </body>
</html>
