3000 5040
287 472 349 536 196
598 489 778 539 mesenus
803 485 1030 536 cnnnnunsrs
1224 456 1336 556 [aret

284 635 424 718 elogium
439 636 514 701 fuit.
549 637 632 700 Cum
647 637 733 700 enim
749 637 943 713 Ludovicus,
960 635 1105 719 Philippi
1121 633 1223 718 Regis
1240 630 1338 709 filius,

253 797 259 806 .
284 737 318 799 in
330 739 572 822 expugnatione
586 740 765 823 Anglicana
777 762 898 802 moram
908 737 1106 822 aliquamdiu
1117 734 1340 821 protraxisset,

284 838 468 923 militesque
481 841 531 904 sui
552 854 708 917 verentes,
724 863 764 904 ne
788 851 920 925 propter
935 840 1047 903 uxoris
1071 837 1249 902 absentiam
1265 858 1340 920 quae

285 939 319 1001 in
336 940 470 1004 Francia
493 943 610 1020 fuerat,
627 954 661 1005 et
687 941 863 1026 conjugalis
886 941 971 1004 thori
992 941 1175 1017 carentiam,
1187 938 1341 1024 juvenilis

285 1043 411 1106 animus
433 1045 561 1127 longam
581 1044 823 1128 expeditionem
846 1043 976 1106 fastidio
992 1043 1134 1119 duceret,
1150 1041 1181 1104 ei
1195 1040 1246 1103 vel
1264 1041 1340 1124 joco

285 1143 336 1206 vel
372 1145 454 1208 serio
484 1146 678 1229 quandoque
709 1145 877 1221 dixissent,
908 1145 996 1228 quod
1032 1144 1169 1228 alicujus
1208 1141 1339 1205 interim

285 1246 405 1330 puellae
421 1248 537 1311 nobilis
552 1248 756 1332 amplexibus
770 1258 917 1310 naturam
932 1269 1022 1309 suam
1044 1247 1248 1322 confortaret,
1264 1243 1341 1306 cali-

286 1347 402 1431 daeque
417 1349 549 1413 virentis
560 1351 706 1435 juventae
719 1349 876 1412 fervorem
891 1349 949 1412 tali
963 1349 1105 1412 remedio
1127 1357 1338 1432 temperaret3

285 1448 389 1512 fertur
416 1450 502 1513 illico
525 1451 736 1536 respondisse,
752 1472 1005 1535 responsumque
1032 1472 1126 1512 suum
1141 1458 1339 1512 sacramento

285 1549 436 1628 firmasse,
454 1553 711 1637 “quiapropter
726 1563 831 1615 totum
845 1552 976 1637 Angliae
996 1574 1132 1636 regnum
1151 1550 1213 1613 sibi
1228 1549 1339 1633 quiete

285 1652 524 1734 possidendum,
552 1666 585 1716 et
614 1677 657 1717 ex
686 1663 755 1717 toto
771 1654 983 1738 pacificatum,
998 1654 1095 1717 fidem
1119 1675 1244 1737 sponsae
1270 1674 1338 1715 suae

284 1751 439 1836 legitimae
466 1755 607 1819 debitam
628 1755 730 1818 nollet
751 1755 924 1832 ullatenus,
947 1756 1024 1819 licet
1048 1755 1144 1818 unico
1167 1754 1337 1830 adulterio,

285 1855 448 1920 violasse.”
500 1857 578 1922 Non
612 1880 687 1940 ergo
718 1858 856 1941 degener
884 1858 936 1920 hic
966 1881 1075 1942 nepos,
1107 1857 1164 1940 qui
1194 1866 1260 1919 tam
1287 1857 1338 1919 avi

284 1955 529 2040 benignitatem,
544 1981 640 2042 quam
655 1959 756 2044 patris
771 1981 901 2042 quoque
922 1959 1157 2036 strenuitatem,
1173 1958 1278 2022 verbis
1304 1970 1338 2022 et

283 2056 376 2120 factis
391 2060 551 2144 expressit
565 2072 598 2123 et
613 2061 707 2123 certis
722 2061 849 2123 iudiciis
864 2061 1116 2146 repraesentavit.

328 2159 413 2223 Item
434 2162 522 2226 aliud
548 2185 679 2246 quoque
704 2164 847 2229 notabile
871 2165 1039 2228 memorati
1063 2163 1237 2249 principis¹
1254 2165 1339 2249 ejus-

283 2261 357 2325 dem
372 2263 493 2326 factum
509 2265 674 2349 egregium
688 2265 741 2328 hic
756 2266 895 2330 inserere
922 2267 1055 2349 dignum
1078 2266 1169 2330 duxi.
1215 2265 1339 2331 Rever-

284 2384 338 2426 sus
359 2387 377 2427 a
401 2367 490 2428 curia
505 2366 653 2430 Romana
673 2367 839 2430 familiaris
865 2367 1008 2451 ejusdem
1031 2366 1175 2444 clericus,
1191 2390 1265 2431 cum
1281 2367 1337 2431 ‘ibi

284 2477 398 2529 cuncta
420 2469 550 2551 negotia
576 2470 659 2532 bene
682 2480 811 2553 peracta
833 2469 919 2552 Regi
933 2469 1151 2553 significasset,
1167 2493 1211 2534 ex
1236 2471 1337 2535 abun·

284 2569 383 2645 danti,
410 2580 448 2632 ut
472 2571 576 2634 fidelis
601 2571 740 2656 principi
766 2571 940 2649 videretur,
968 2571 1108 2634 ostendit
1130 2571 1337 2657 privilegium

284 2690 349 2753 quo
385 2673 616 2737 cathedralium
644 2673 848 2736 ecclesiarum
877 2673 1059 2736 vacantium
1088 2673 1123 2736 in
1149 2697 1249 2759 regno
1277 2697 1336 2738 suo

283 2773 460 2836 custodiam
485 2772 515 2836 ei
540 2774 658 2838 habere
674 2786 707 2839 et
724 2775 850 2838 fructus
863 2775 994 2838 interim
1008 2776 1184 2860 percipere,
1209 2777 1337 2839 canoni·

283 2897 400 2959 casque
431 2886 465 2938 et
492 2875 650 2954 ecclesias,
678 2898 803 2940 necnon
833 2886 867 2940 et
895 2877 1123 2941 ecclesiasticas
1152 2877 1336 2960 dignitates,

284 2998 363 3059 quas
380 2999 490 3040 vacare
517 2977 698 3061 contigerit,
715 2979 756 3040 ad
777 2987 895 3041 nutum
911 2979 997 3055 dare,
1018 3001 1161 3042 summus
1180 2977 1337 3042 Pontifex

282 3078 481 3161 indulgebat.
528 3078 603 3144 Quo
619 3079 697 3143 Rex
719 3080 840 3156 audito,
863 3080 987 3143 litteras
1009 3103 1028 3143 a
1051 3102 1150 3144 manu
1171 3081 1336 3165 portitoris

282 3189 423 3262 arreptas
446 3179 555 3242 statim
580 3179 613 3241 in
643 3179 751 3263 ignem
776 3181 873 3257 misit,
899 3181 1007 3244 dicens
1037 3182 1076 3244 de
1106 3181 1176 3244 aliis
1198 3183 1337 3266 negotiis

282 3279 414 3344 effectui
436 3281 625 3365 mancipatis
647 3281 754 3365 ipsum
767 3283 807 3359 ei,
824 3283 909 3346 sicut
934 3283 1078 3360 decebat,
1096 3293 1224 3368 gratum
1250 3285 1337 3348 exis-

282 3393 371 3461 tere;
395 3405 492 3468 snper
513 3382 574 3446 hoc
599 3392 708 3448 autem
731 3385 872 3469 negotio,
889 3385 939 3448 vel
962 3385 1025 3448 alio
1045 3385 1168 3468 quovis,
1185 3386 1273 3468 quod
1296 3387 1337 3450 ad

283 3485 398 3548 animae
425 3508 492 3549 suae
519 3486 699 3570 periculum
714 3496 834 3570 vergat,
858 3487 1040 3572 impetrate,
1067 3509 1125 3550 nec
1148 3487 1254 3550 aDeo
1276 3509 1336 3552 nec

282 3588 323 3650 ab
348 3587 419 3670 ipso
448 3597 554 3670 grates
576 3587 784 3663 habiturum3
809 3587 917 3651 dicens
944 3589 1041 3651 etiam
1070 3600 1103 3652 et
1131 3611 1273 3652 asserens
1302 3612 1336 3653 se

282 3689 377 3751 malle
402 3689 527 3752 litteras
552 3688 626 3773 igne
651 3689 837 3753 comburere
853 3712 950 3772 quam
975 3691 1112 3753 animam
1134 3713 1225 3754 suam
1247 3714 1336 3755 occa-

282 3791 370 3856 sione
383 3791 564 3854 litterarum
584 3791 712 3855 illarum
726 3791 892 3875 perpetuis
914 3791 1083 3856 Gehennae
1100 3791 1236 3856 flammis
1251 3815 1335 3856 com-

280 3893 458 3956 burendam
472 3893 664 3976 relinquere.

296 4050 299 4058 .
326 3995 421 4072 Item,
447 4017 515 4058 mos
543 3994 697 4079 principis
729 3994 872 4078 ejusdem
902 4005 979 4072 erat,
1011 3995 1099 4078 quod
1128 3996 1215 4059 omni
1243 4006 1338 4060 sexta

280 4097 362 4161 feria
389 4098 422 4160 in
452 4120 533 4182 pane
563 4097 630 4160 solo
667 4107 701 4160 et
737 4118 822 4179 aqua
853 4096 1043 4181 jejunabat3
1081 4107 1214 4182 propter
1248 4099 1336 4183 quod

281 4199 400 4282 saepius
425 4222 444 4261 a
471 4199 537 4262 suis
561 4199 712 4293 monitus
743 4198 917 4282 majoribus
947 4199 1068 4262 scilicet
1097 4200 1210 4263 domus
1235 4199 1334 4283 regiae

713 4334 720 4365 ¹
741 4333 820 4386 Louis
833 4330 898 4387 VII.
