3000 5040
193 466 306 555 arnt]
433 484 482 534 un
507 483 773 536 rusrnuonoua
798 484 1014 538 samonum.
1181 474 1247 538 201

195 655 291 718 super
314 633 496 718 inspirante
526 631 665 697 favorem
689 632 724 696 in
754 644 854 698 tantae
883 635 1094 719 plenitudinis
1115 637 1249 720 gloriam

194 735 389 813 fecundavit,
421 735 508 820 quod
537 759 556 799 a
585 747 730 821 ternpore
760 735 879 814 Caroli,
909 737 1033 822 filiique
1064 740 1113 801 sui
1140 739 1250 803 Ludo·

193 836 256 900 rici
285 837 392 921 primi,
422 838 455 899 in
493 847 614 901 statum
648 848 713 902 tam
743 837 899 901 eximium
936 850 1101 924 tantaeque
1137 843 1250 927 ampli·

195 938 318 1001 tudinis
340 939 473 1003 titulum
497 939 642 1003 Franeiae
670 961 806 1022 regnum
835 962 900 1003 non
926 943 1079 1006 excrevit.
1099 996 1102 1001 .
1125 943 1250 1009 Praeter

196 1058 285 1123 spem
308 1051 416 1104 autem
439 1041 513 1104 ideo
536 1041 688 1118 diximus,
716 1039 793 1124 quia
823 1062 896 1104 cum
921 1043 961 1105 de
989 1043 1112 1108 duabus
1138 1048 1250 1110 uxori·

196 1140 257 1204 bus
286 1142 408 1227 primis,
440 1142 641 1205 Pictavensi¹
679 1142 802 1205 scilicet
830 1153 864 1206 et
901 1142 1131 1228 Hispaniensi2
1166 1149 1249 1212 filias

197 1254 324 1307 tantum
339 1244 540 1328 suscepisset,
556 1243 590 1306 in
612 1253 777 1307 senectute
794 1267 852 1308 sua
875 1246 1002 1310 tertiam
1025 1247 1120 1313 istam
1142 1253 1248 1316 omine

197 1345 284 1409 felici
300 1346 397 1410 duxit
410 1368 558 1409 uxorem.

190 1478 194 1487 ¹
241 1447 292 1510 De
329 1447 459 1530 regibus
495 1458 605 1510 autem
642 1446 824 1530 Anglorum
860 1449 993 1528 ultimis,
1032 1452 1250 1517 Normannica

197 1549 319 1612 scilicet
347 1549 447 1633 stirpe
469 1549 656 1633 progenitis,
685 1549 745 1612 hoc
774 1571 975 1636 compertum
1002 1554 1131 1633 habeas,
1162 1557 1250 1640 quod

192 1651 288 1734 quasi
310 1674 368 1736 per
389 1651 541 1734 hysteron
565 1662 727 1735 proteron,
752 1652 927 1737 ordineque
957 1669 1155 1741 praepostero
1177 1681 1249 1742 per

197 1776 262 1836 que
285 1775 417 1816 suorum
443 1753 548 1815 caedes
570 1753 837 1837 propinquorum,
859 1757 1005 1839 publicas
1026 1758 1078 1822 vel
1099 1759 1249 1836 occultas,

197 1879 331 1940 regnare
359 1855 506 1940 plerique
537 1867 718 1940 coeperunt,
749 1859 902 1942 quodque
929 1861 1082 1944 perpauci
1119 1860 1250 1924 illorum

196 1958 352 2022 hactenus
366 1957 505 2022 feliciter
519 1970 576 2022 aut
590 1958 755 2022 fortunate
770 1959 993 2025 discesserunt.

671 2274 777 2338 XIII.

315 2437 367 2500 De
381 2436 541 2499 Scotorum
550 2434 750 2520 principibus
764 2434 914 2519 religione
929 2433 1113 2518 conspicuis.

240 2588 428 2652 Sco'ronun
441 2599 549 2651 autem
563 2586 734 2672 principes,
748 2586 806 2670 qui
818 2597 851 2649 et
866 2586 974 2669 Reges
986 2586 1148 2663 dicuntur,
1164 2585 1248 2649 sicut
1259 2608 1354 2668 murram

195 2699 229 2752 et
259 2689 427 2774 Hispaniae
450 2689 621 2775 principes,
645 2687 702 2772 qui
730 2709 790 2750 nee
819 2687 964 2750 coronari
986 2696 1094 2749 tamen
1116 2660 1369 2750 consue-idida

195 2802 307 2854 verant
328 2815 386 2854 nec
412 2792 536 2875 inungi,
563 2793 662 2854 bonos
686 2789 817 2872 quidem
843 2800 877 2851 et
897 2798 1021 2852 sanctos
1040 2788 1140 2852 fuisse
1164 2788 1249 2851 fama

196 2893 362 2975 praedicat,
385 2903 419 2956 et
441 2915 579 2977 quorum
601 2890 791 2966 bonitatem,
814 2889 872 2974 qui
893 2889 1009 2952 nostris
1029 2890 1142 2953 diebus
1165 2912 1249 2974 prae·

195 2993 270 3071 fuit,
293 3017 357 3057 non
381 2994 527 3078 denigrat
549 2994 624 3056 Rex
646 2992 843 3054 Willelmus.
904 2991 970 3055 Hic
994 2993 1113 3055 etenim
1137 3013 1248 3075 quam-

197 3117 294 3178 quam
318 3095 518 3180 juvenilibus
547 3083 639 3158 annis
667 3094 830 3158 interdum
856 3093 1045 3179 juveniliter
1073 3116 1180 3176 agens,
1216 3103 1249 3156 et

196 3207 302 3260 motus
337 3198 439 3261 carnis
468 3198 509 3260 ad
544 3197 676 3281 plenum
713 3219 777 3259 non
813 3196 998 3272 refraenans,
1033 3195 1248 3259 sensualitatis

195 3297 335 3362 insultus
364 3300 487 3363 ratione
516 3299 636 3384 praevia
668 3307 702 3360 et
736 3298 931 3381 praevalente
964 3320 1030 3361 non
1063 3298 1247 3375 cohiberet3

195 3421 321 3462 morum
335 3411 442 3462 tamen
464 3399 684 3462 maturitatem
699 3410 733 3461 et
746 3410 946 3461 venustatem
961 3399 1057 3461 simul
1071 3421 1143 3461 cum
1158 3399 1249 3461 annis

195 3522 342 3583 processu
359 3499 512 3583 temporis
525 3499 672 3574 induens,
694 3509 727 3561 et
748 3497 793 3560 sic
816 3509 948 3561 aetatum
972 3499 1016 3561 sic
1035 3509 1069 3562 et
1089 3498 1247 3562 virtutum

195 3600 347 3682 gradibus
375 3599 513 3662 feliciter
542 3599 724 3674 ascendens,
752 3598 878 3682 abjecto
905 3598 1006 3662 veteri
1036 3598 1174 3676 homine,
1204 3623 1247 3663 ex

196 3713 266 3764 toto
280 3724 382 3764 novus
397 3698 531 3764 effectus
546 3711 579 3764 et
601 3700 636 3762 in
651 3700 754 3763 virum
770 3700 905 3763 alterum
917 3701 984 3786 jam
1004 3711 1157 3779 mutatus,
1173 3723 1247 3764 oum

195 3802 329 3865 lenitate
361 3801 457 3864 simul
484 3812 518 3864 et
545 3801 804 3877 mansuetudine,
834 3824 906 3864 cum
936 3802 1091 3885 religione
1120 3824 1245 3886 magna,

197 3916 230 3966 et
253 3926 328 3987 erga
344 3903 452 3966 Deum
478 3901 688 3985 ecclesiaeque
711 3924 809 3964 sacrae
836 3903 960 3966 cultum
981 3904 1093 3986 grandi
1115 3915 1154 3967 et·
1172 3905 1246 3989 jugi

197 4005 378 4082 devotione,
396 4004 672 4087 eleemosynarum
693 4026 824 4088 quoque
840 4004 873 4066 in
893 4027 1050 4088 pauperes
1065 4005 1244 4088 largitione,

196 4107 280 4191 pius,
303 4106 455 4191 providus
470 4118 504 4168 et
523 4105 685 4188 pacificus,
704 4105 833 4190 justitia
849 4106 971 4189 ubique
995 4128 1067 4170 cum
1091 4107 1245 4191 aequitate

418 4293 426 4328 ¹
446 4293 559 4347 Elianor.
699 4292 705 4365 Ι
841 4295 852 4325 ²
870 4293 1022 4350 constance.
