3000 5040
267 463 329 524 134
572 476 753 527 GIRALDUS
778 475 1005 528 OAMBRENSIS

265 624 376 688 Iconio
399 624 461 689 iter
477 636 621 709 agerent,
636 647 722 690 nunc
741 647 785 689 ex
806 625 929 690 insidiis
944 647 1031 688 nunc
1054 625 1159 710 palam
1175 626 1314 690 lacescit.

264 727 401 791 Obsides
412 728 566 811 quidnam
579 727 641 790 hoc
652 738 735 791 esset
749 728 938 811 interrogati
947 727 1026 790 utile
1042 727 1104 790 sibi
1115 728 1314 811 confingunt,

262 830 463 893 mendacium
477 840 639 895 asserunt:
664 852 706 894 sc.
722 830 867 894 Turchos
890 829 1048 892 silvestres
1071 851 1149 906 esse,
1166 830 1224 912 qui
1243 829 1315 892 nul-

260 932 323 995 lius
344 932 480 1016 imperio
504 933 681 1016 subjacent,
709 932 839 995 sedibus
865 941 1021 1013 vagantur
1046 929 1185 1007 incertis,
1215 930 1315 994 nichil

258 1033 414 1097 habentes
442 1033 619 1118 proprium,
649 1031 754 1096 aliena
782 1054 907 1116 semper
931 1030 983 1094 vel
1011 1031 1124 1114 rapina
1148 1031 1200 1095 vel
1226 1033 1314 1096 furto

257 1135 465 1200 insectantur.
511 1134 645 1198 Parcius
667 1144 774 1197 tamen
792 1134 914 1198 instant
934 1155 999 1196 non
1021 1132 1223 1197 immemores
1240 1155 1314 1197 suo-

257 1259 330 1301 rum
345 1236 533 1301 occubuisse
545 1235 807 1320 quamplurimos.
854 1235 939 1298 Nam
954 1233 1039 1296 sicut
1052 1235 1215 1298 modestus
1227 1236 1314 1298 aesti-

256 1349 360 1402 mator
388 1338 533 1415 asseruit,
557 1337 592 1400 in
623 1337 841 1421 superioribus
871 1336 965 1400 bellis
994 1336 1079 1420 xxij.
1110 1337 1312 1401 Thurcorum

256 1439 357 1502 millia
370 1440 496 1523 gladius
511 1439 632 1503 occisor
647 1439 853 1522 consumpsit.

300 1541 380 1626 [Sed
402 1544 471 1627 jam
485 1541 588 1605 victor
611 1538 787 1623 exercitus]
812 1538 978 1604 Armeniae
1002 1541 1081 1603 fines
1108 1540 1309 1623 ingreditur;

253 1642 406 1707 laetantur
420 1666 529 1707 omnes
538 1643 627 1727 quod
637 1642 753 1706 hostile
767 1665 902 1725 regnum
914 1643 1044 1719 emensi,
1055 1641 1158 1704 securi
1167 1641 1311 1704 fidelium

253 1744 336 1807 arvis
358 1744 538 1808 insiderint.
585 1743 650 1807 Sed
672 1743 757 1806 heu!
785 1753 869 1806 terra
892 1743 1032 1806 occurrit
1052 1741 1211 1805 funestior
1234 1764 1309 1825 quae

254 1856 444 1909 cunctorum
455 1845 605 1910 laetitiam
619 1855 653 1908 et
666 1845 776 1908 lumen
791 1845 967 1928 extinguit.
999 1844 1143 1908 Accedat
1156 1843 1253 1907 homo
1269 1844 1310 1906 ad

253 1969 307 2011 cor
322 1947 433 2024 altum,
449 1957 483 2010 et
496 1946 668 2029 investiget
683 1946 709 2008 si
723 1945 825 2029 possit
839 1947 972 2010 consilia
987 1945 1131 2022 Domini,
1148 1947 1238 2028 cujus
1254 1947 1310 2030 ju·

253 2049 336 2112 dicia
365 2050 498 2132 abyssus
527 2048 639 2111 multa.
686 2047 843 2111 occurret
871 2069 1104 2132 nonnunquam
1126 2048 1212 2110 unde
1241 2057 1309 2110 stu-

252 2161 338 2234 peat,
354 2151 440 2214 unde
455 2151 616 2226 turbetur,
631 2151 678 2214 ita
693 2160 799 2213 tamen
816 2151 904 2234 quod
916 2151 950 2214 in
973 2151 1123 2214 omnibus
1144 2159 1307 2214 auctorem

252 2252 378 2315 noverit
392 2252 536 2316 omniurn
551 2252 848 2316 commendandum.

670 2455 751 2520 Cae.
769 2455 894 2520 XXII.

252 2593 304 2655 De
330 2591 524 2674 Imperatore
540 2589 644 2672 flacio
667 2589 798 2673 quodam
818 2589 972 2652 Armeniae
994 2597 1068 2673 post
1091 2597 1136 2651 tot
1158 2591 1307 2652 victorias

295 2693 456 2769 submerso,
467 2690 674 2775 prohdolor!
697 2699 728 2752 et
743 2691 897 2766 eatincto;
919 2700 949 2753 et
964 2693 1104 2753 exercita
1120 2701 1206 2753 tanto
1222 2692 1308 2774 apud

295 2793 495 2855 Antiochiam
505 2793 676 2868 exinanite,
689 2800 720 2854 et
728 2800 803 2875 post
818 2801 939 2854 tantam
950 2793 1085 2855 inediam
1098 2795 1189 2876 copia
1199 2802 1306 2856 secuta

295 2904 358 2958 tam
374 2895 536 2977 desperato
552 2916 645 2977 quom
660 2895 822 2976 disperso,1

158 3072 179 3100 m
194 3074 215 3101 e.
293 3043 394 3106 Euan
409 3044 498 3106 locus
512 3044 546 3105 in
562 3044 634 3105 sinu
650 3044 827 3122 Armeniae,
845 3068 941 3128 quem
964 3045 1038 3108 hinc
1060 3057 1186 3108 montes
1202 3046 1305 3122 ardui,

107 3121 144 3218 ω,
181 3189 187 3208 ,
248 3144 324 3206 hine
341 3143 609 3206 sclefii2flumen
623 3146 846 3227 praeterfluens
862 3147 1305 3228 coartabat,³quadumsum-

99 3221 204 3348 cellere
248 3245 340 3307 marii
356 3254 390 3306 et
404 3245 536 3308 sarcinae
553 3256 730 3321 transeunt,
746 3246 935 3310 victoriosus
950 3247 1130 3330 Imperator
1147 3248 1303 3312 subsistit.

84 3369 122 3396 ⁸0³¹
139 3331 213 3398 ''0¹10'
248 3345 309 3411 Vir
332 3345 463 3429 quidem
485 3346 635 3431 inclytus,
659 3348 753 3432 cujus
776 3357 898 3411 statura
922 3347 1126 3412 mediocriter
1150 3348 1304 3428 eminens,

201 3436 206 3448 ⁸
248 3447 349 3512 crines
371 3447 473 3526 rutili,
498 3448 599 3511 barba
627 3449 757 3526 rubens,
784 3450 939 3534 utrinque
964 3450 1124 3513 interfusa
1150 3452 1303 3530 canities;

283 3618 539 3741 ¹DeVinesauf,p
560 3622 619 3673 265.
802 3621 829 3673 in‘
848 3639 891 3677 an.
917 3626 994 3676 1188.
1032 3622 1074 3675 He
1098 3622 1143 3675 fell
1166 3621 1232 3676 from
1263 3624 1304 3676 his

283 3687 350 3740 'of
365 3688 417 3740 thia
435 3689 501 3740 river
538 3689 603 3741 uller
620 3706 688 3759 says,
698 3691 750 3742 “A
801 3690 877 3744 horse
906 3693 961 3744 into
987 3694 1032 3744 the
1058 3702 1144 3758 water,
1171 3693 1221 3745 and
1251 3712 1303 3746 was

251 3757 317 3809 river
335 3758 411 3826 (such
429 3758 454 3838 is
473 3757 517 3810 the
536 3776 602 3828 envy
615 3760 643 3811 of
660 3759 752 3812 barba·
801 3760 929 3815 drowned.
965 3761 1068 3831 Having
1086 3762 1151 3815 been
1171 3763 1257 3815 drawn
1276 3773 1303 3815 to

250 3826 312 3879 rism
335 3827 471 3896 obscursng
492 3827 527 3879 all
545 3827 654 3898 places),
666 3829 752 3881 which
800 3828 868 3896 laud,
882 3829 925 3883 the
938 3829 1002 3883 flesh
1015 3848 1066 3883 was
1086 3832 1218 3901 separated
1236 3833 1302 3885 from

251 3905 345 3949 cannot
356 3895 502 3967 accurately
510 3897 544 3949 be
555 3897 648 3949 known
661 3907 687 3950 at
699 3898 752 3951 this
800 3898 844 3951 the
868 3900 948 3952 bones
972 3900 1006 3969 by
1027 3901 1126 3970 boiling
1147 3911 1233 3968 water,
1251 3902 1302 3954 and

252 3965 309 4035 day,
321 3966 432 4019 because
450 3966 503 4020 this
523 3984 580 4019 new
598 3984 674 4020 name
693 3967 716 4020 is
736 3986 752 4020 a
800 3967 890 4021 buried
906 3978 933 4021 at
951 3970 1079 4035 Antioch;
1098 3971 1148 4022 and
1164 3971 1204 4023 his
1223 3971 1303 4024 bones

251 4043 365 4106 stranger
394 4044 421 4087 to
450 4035 485 4088 all
515 4035 617 4089 ancient
650 4036 750 4107 maps.”
801 4039 898 4091 carried
920 4047 946 4090 to
968 4039 1044 4108 Tyre.
1058 4039 1098 4094 Ib.
1135 4042 1160 4093 A
1178 4040 1303 4094 lamenta·

252 4102 323 4174 Holy
336 4104 409 4171 War‚
422 4105 461 4159 iii.
481 4110 507 4160 4.
554 4106 620 4158 Rau.
639 4106 664 4158 H
683 4107 750 4176 gden
800 4107 861 4172 tion,
875 4109 1049 4178 unexampled
1062 4110 1089 4160 ln
1101 4109 1146 4161 the
1168 4110 1258 4163 annale
1276 4111 1305 4162 of

250 4173 312 4225 calls
329 4174 350 4224 it
368 4173 438 4228 Gula
455 4175 571 4230 Sutlanoe
581 4195 591 4237 ,-
609 4175 636 4228 in
658 4124 750 4246 'lwys-
799 4175 906 4247 history,
921 4195 972 4231 was
990 4179 1065 4231 made
1077 4179 1116 4231 sor
1128 4179 1169 4232 his
1185 4179 1247 4247 loss,
1259 4197 1302 4235 ae·

249 4241 356 4363 dep,SX.
369 4244 462 4366 {nerliplti
470 4249 553 4367 3399.
571 4313 588 4367 h
605 4313 614 4366 l
652 4313 692 4368 Oh
799 4245 904 4316 cording
916 4256 942 4299 to
955 4247 995 4301 De
1006 4248 1138 4316 Vinesauf‚
1151 4249 1186 4303 ib.

330 4330 359 4365 ee
423 4331 439 4383 p
494 4332 570 4384 ogges
590 4332 638 4382 ae,
693 4331 749 4368 ron.
1134 4346 1137 4351 «
