3000 5040
433 549 482 600 nn
507 550 773 602 rusmumronn
799 550 1012 603 Pnrncnun.
1211 535 1249 606 71

193 697 407 781 fatigationes,
422 709 524 764 totam
542 700 678 764 statione
696 699 850 764 continua
871 699 1020 784 [curiam]
1045 700 1160 765 lassare
1176 724 1252 766 con·

194 810 350 864 sueverat.
408 800 474 864 Sed
500 801 652 887 quoniam
680 802 744 866 hoc
772 801 915 886 apprime
945 803 981 865 in
1001 802 1068 866 vita
1097 802 1189 880 utile,
1213 816 1251 869 ut

194 921 235 962 ne
259 901 338 983 quid
359 901 466 979 nimis,
488 902 680 987 nullumque
703 903 882 967 remedium
905 904 1094 988 simpliciter
1116 907 1249 983 bonum,

194 1022 267 1064 curn
282 1001 434 1066 tibiarum
448 1003 634 1087 pedumque
649 1015 774 1068 tumore
790 1003 965 1090 frequenti,
980 1006 1250 1072 recalcitrantium

193 1102 234 1165 ad
262 1103 323 1166 hoc
349 1105 573 1188 jumentorum
600 1105 720 1171 ictibus
748 1116 843 1170 aucta
871 1106 1013 1185 laesione,
1042 1118 1174 1172 caeteras
1196 1110 1251 1173 ad

191 1203 298 1288 ipsum
311 1206 452 1290 corporis
473 1206 749 1272 incommoditates
760 1207 967 1286 accelerabat,
981 1218 1015 1272 et
1030 1209 1056 1274 si
1076 1231 1141 1273 non
1155 1210 1250 1274 aliam

192 1317 326 1371 matrem
353 1308 510 1372 malorum
535 1309 711 1373 multorum
746 1319 845 1392 atque
882 1310 1060 1375 ministram
1095 1324 1181 1376 certe
1199 1313 1250 1377 vel

194 1418 404 1473 senectutem.

238 1507 380 1573 Staturae
400 1510 450 1574 vir
474 1519 543 1574 erat
567 1511 652 1575 inter
675 1510 864 1590 mediocris3
897 1512 986 1595 quod
1005 1512 1087 1576 nulli
1110 1512 1251 1579 filiorum

194 1609 379 1694 contingere
394 1611 513 1696 potuit,
528 1611 690 1697 primaevis
709 1612 864 1676 ambobus
877 1613 975 1698 paulo
997 1614 1250 1679 mediocritatem

194 1711 436 1792 excedentibus,
469 1713 655 1798 junioribus
693 1713 819 1778 duobus
863 1714 947 1779 infra
990 1715 1249 1781 subsistentibus.

194 1811 284 1876 Citra
319 1814 417 1878 animi
450 1815 650 1879 turbationes
676 1824 710 1878 et
745 1815 919 1880 iracundiae
959 1825 1076 1895 motus,
1101 1817 1250 1902 princeps

192 1913 484 1999 eloquentissimus,
516 1927 561 1996 et,
596 1917 684 2000 quod
715 1917 766 1981 his
801 1917 1001 2002 temporibus
1042 1919 1250 2002 conspicuum

193 2027 252 2092 est,
264 2015 381 2081 litteris
396 2018 551 2082 eruditus.
592 2017 669 2103 [Vir
683 2019 829 2096 affabilis,
842 2019 891 2083 vir
901 2019 1055 2083 flexibilis
1067 2030 1101 2084 et
1115 2022 1249 2099 facetus,

193 2117 275 2181 nulli
301 2140 431 2204 prorsus
467 2119 646 2198 hominum,
673 2120 830 2205 quicquid
867 2120 956 2184 intus
983 2121 1165 2207 palliaverit
1199 2145 1251 2185 ur-

191 2219 335 2284 banitate
360 2221 530 2286 secundus.
576 2221 730 2305 Princeps
756 2222 836 2285 adeo
862 2223 982 2306 pietate
1007 2223 1189 2307 spectabilis
1212 2233 1250 2288 ut

192 2322 319 2404 quoties
347 2322 443 2385 armis
465 2322 594 2399 vicerat,
618 2322 687 2406 ipse
713 2345 844 2405 quoque
870 2323 971 2406 magis
999 2324 1121 2407 pietate
1144 2325 1251 2389 vince·

192 2426 305 2486 retur.¹
351 2423 392 2487 In
405 2433 527 2486 armata
548 2423 664 2487 militia
684 2432 846 2499 strenuus,
861 2423 895 2486 in
912 2434 1020 2505 togata
1034 2424 1248 2508 improvidus;

186 2546 318 2606 semper
347 2534 454 2588 tamen
483 2525 518 2586 in
546 2509 643 2588 rebus
666 2523 789 2588 martiis
816 2525 967 2607 ambigua
994 2525 1154 2588 bellorum
1182 2526 1250 2590 fata

191 2623 412 2703 reformidans,
426 2635 516 2688 etex
531 2647 655 2689 summa
669 2625 851 2710 prudentia,
863 2627 963 2710 juxta
977 2625 1134 2689 comicum
1155 2626 1247 2704 illud,

193 2725 300 2789 omnia
313 2726 404 2811 prius
420 2748 517 2810 quam
540 2748 628 2790 arma
641 2736 839 2811 pertentans.
884 2725 1029 2790 Amissos
1043 2727 1078 2790 in
1093 2727 1160 2790 acie
1175 2728 1248 2812 plus

190 2827 335 2912 principe
371 2828 536 2912 plangens,
566 2837 600 2892 et
636 2828 807 2892 humanior
837 2837 987 2892 extructo
1024 2829 1121 2893 militi
1151 2852 1248 2914 quam

191 2930 368 3014 superstiti,
391 2930 551 3014 longeque
574 2930 689 3016 majori
712 2929 821 2994 dolore
845 2939 990 2993 mortuos
1014 2930 1127 3015 lugens
1150 2955 1248 3017 quam

190 3031 278 3095 vivos
301 3054 409 3095 amore
434 3032 628 3096 demulcens.
686 3030 887 3116 Urgentibus
914 3032 1124 3098 incommodis
1152 3057 1247 3098 nemo

189 3132 379 3218 benignior;
416 3144 580 3218 resumpta
608 3133 779 3198 securitate
807 3156 903 3198 nemo
929 3133 1080 3218 rigidior3
1112 3158 1185 3200 acer
1212 3136 1248 3198 in

191 3233 375 3312 indomitoS,
405 3235 543 3298 clemens
571 3235 606 3297 in
634 3236 809 3313 subactos3
847 3236 947 3299 durus
980 3235 1015 3298 in
1044 3236 1245 3314 domesticos,

190 3335 310 3400 effusus
324 3337 359 3399 in
374 3347 562 3414 extraneos3
585 3337 692 3420 largus
714 3336 749 3399 in
769 3335 911 3421 publico,
926 3359 1042 3421 parcus
1062 3337 1097 3401 in
1110 3339 1245 3423 privato.

192 3437 299 3503 Quem
314 3440 413 3504 semel
424 3441 561 3504 exosum¹
573 3440 742 3517 habuerat,
752 3439 809 3504 vix
824 3440 857 3502 in
874 3462 1024 3518 amorem,
1038 3463 1136 3524 quem
1148 3442 1248 3506 semel

189 3551 357 3619 amaverat,
373 3541 430 3606 vix
448 3541 482 3604 in
498 3541 609 3604 odium
630 3541 809 3604 revocabat.
855 3539 978 3604 Avium
993 3563 1130 3624 quarum
1144 3543 1247 3606 victus

183 3664 234 3704 ex
245 3643 365 3725 praeda,
376 3642 486 3705 volatu
500 3641 686 3724 plurimum,
698 3663 879 3724 canumque
890 3641 973 3704 feras
988 3641 1114 3703 narium
1129 3643 1248 3725 sagaci·

182 3751 257 3804 ⁴tate
284 3741 558 3825 persequentium,
582 3751 648 3804 tam
674 3763 751 3804 voce
776 3763 891 3804 sonora
919 3750 953 3804 et
978 3762 1127 3819 consona,
1151 3766 1248 3828 quarn

191 3865 286 3906 cursu
310 3842 421 3920 veloci,
445 3841 531 3906 ultra
566 3842 697 3905 modum
727 3841 930 3921 delectatus,
968 3852 1002 3906 et
1030 3842 1156 3907 utinam
1183 3855 1249 3909 tam

193 3943 356 4008 devotioni
372 3944 499 4008 deditus
512 3965 608 4028 quarn
623 3942 796 4009 venationi.

235 4045 314 4109 Post
350 4069 488 4130 gravem,
526 4046 646 4123 matris,
683 4056 722 4109 ut
760 4045 875 4124 fertur,
913 4046 1080 4124 instinctu,
1111 4046 1250 4112 filiorum

190 4148 224 4210 in
260 4148 360 4232 patris
392 4148 555 4226 offensam,
590 4147 741 4232 publicus
774 4147 920 4232 legitimi
945 4147 1078 4212 foederis
1105 4148 1251 4213 violator.

182 4249 342 4314 ,Naturali
358 4251 496 4335 quadarn
511 4249 735 4326 inconstantia,
745 4249 835 4313 verbi
850 4249 1042 4334 plerumque
1057 4262 1253 4335 spontaneus

388 4383 395 4414 ¹
415 4383 457 4437 Hc
476 4383 599 4438 attended
618 4400 687 4438 mass
707 4400 783 4453 every
798 4382 857 4453 day.
896 4382 1014 4437 Blesens.
1028 4383 1064 4437 ib.
