3000 5040
417 478 466 527 nn
491 474 756 528 rusrauorrous
783 470 998 528 inmersum.
1169 465 1232 526 145

179 623 213 684 et
237 621 388 688 adbuc'in
414 627 504 689 cunis
526 625 708 702 educatum,
724 622 832 711 Reges
854 628 1041 692 remotiores
1065 627 1232 712 Hispaniae

180 722 345 789 Sarraceni
367 750 425 811 per
447 729 578 791 nuntios
600 751 685 805 suos
701 751 775 792 cum
797 730 984 792 muneribus
998 731 1095 814 regiis
1110 742 1144 792 et
1160 752 1233 813 pre·

177 825 268 888 tiosis
283 828 408 891 exeniis
422 828 457 891 in
472 829 640 892 Franciam
667 829 817 907 directos,
833 830 866 893 in
881 831 1064 894 visitatione
1087 830 1233 893 similiter

179 937 212 988 et
226 931 429 994 veneratione
445 931 578 1015 dignum
593 932 714 995 duxere
730 943 763 995 et
783 955 856 995 cum
875 956 914 995 eo
931 933 1039 996 foedus
1053 933 1146 1009 inire,
1163 943 1233 994 tan-

178 1051 274 1111 quam
290 1040 444 1096 terrarum
456 1056 586 1096 suarum
596 1056 654 1118 per
665 1057 698 1096 se
709 1034 760 1097 vel
774 1056 905 1097 suorum
914 1034 1054 1119 aliquem
1066 1056 1233 1118 expugna-

178 1138 246 1192 tore
258 1130 379 1208 futuro,
390 1133 486 1215 (sicut
497 1157 555 1218 per
567 1135 694 1197 oracula
701 1145 810 1198 vatum
820 1157 950 1198 suorum
955 1137 1023 1219 jam
1033 1135 1232 1218 didicerant)

170 1231 253 1294 <totis
268 1233 433 1296 desideriis
444 1245 643 1319 appetentes
660 1245 693 1298 et
707 1236 794 1320 pacis
809 1237 1011 1299 commodum
1025 1237 1086 1299 sibi
1101 1236 1232 1320 suisque

176 1333 289 1396 devote
316 1336 493 1418 postulare,
519 1332 713 1420 nominaque
743 1359 801 1400 sua
832 1338 939 1421 regiiS,
969 1338 1055 1422 apud
1078 1336 1232 1400 Sanctum

177 1433 381 1519 Dionysium,
396 1437 511 1500 ascribi
530 1437 645 1500 rotulis
670 1448 703 1501 et
723 1438 959 1502 memorialibus
980 1438 1077 1500 inseri
1098 1438 1229 1516 notulis,

175 1533 258 1616 (suae
274 1537 404 1619 quidem
419 1560 437 1601 a
451 1537 546 1622 longe
561 1561 756 1622 suorumque
769 1539 889 1602 civitati
903 1539 1023 1623 pariter
1038 1548 1072 1601 et
1085 1539 1230 1623 indemp-

175 1637 270 1700 nitati
284 1661 349 1702 non
363 1639 539 1724 improvide
552 1641 809 1725 prospicientes)
824 1640 994 1726 impetrare
1009 1650 1172 1704 curarunt.

218 1738 274 1802 Ad
286 1740 471 1804 vaticinium
485 1753 593 1806 autem
611 1742 672 1805 hoc
686 1743 821 1805 veritate
844 1742 1019 1806 subnixum
1035 1742 1229 1826 quandoque

73 1923 74 1926 Ἴ
173 1840 332 1919 futurum,
348 1842 477 1906 evidens
492 1843 567 1906 hinc
581 1843 737 1906 indicium
752 1852 786 1906 et
796 1855 1020 1926 argumentum
1035 1843 1107 1906 elici
1121 1853 1230 1926 potest

173 1963 237 2004 non
259 1943 454 2022 invalidum
480 1945 567 2028 quod
590 1942 799 2008 occidentalia
820 1967 918 2028 regna
939 1945 1001 2007 tria
1021 1944 1070 2009 vel
1090 1955 1229 2028 quatuor

173 2042 339 2126 (quatinus
354 2045 406 2108 hic
423 2045 610 2130 anticipatio
624 2045 706 2129 fiat)
720 2045 839 2129 Anglia
854 2068 909 2123 sc,
921 2045 1101 2128 Hybernia,
1119 2045 1228 2109 Scotia

173 2155 206 2207 et
231 2145 360 2224 Wallia,
386 2168 459 2210 cum
488 2171 586 2233 opum
614 2147 778 2211 affluentia
804 2157 837 2210 et
864 2147 1052 2210 insularium
1078 2147 1227 2210 classium

172 2247 264 2330 copia
286 2269 412 2329 magna,
427 2248 590 2332 regiaeque
617 2249 786 2333 potestatis
812 2249 846 2310 in
874 2248 1064 2310 immensum
1093 2247 1227 2310 adaucta

170 2349 327 2430 potentia,
340 2349 425 2411 dicto
441 2349 527 2433 Regi
542 2360 576 2412 et
593 2349 765 2413 heredibus
785 2349 862 2426 suis,
879 2358 1033 2431 tanquam
1047 2347 1088 2410 ad
1103 2347 1225 2410 cultum

172 2447 237 2510 Dei
263 2449 491 2532 ampliandum,
519 2450 572 2513 via
598 2459 788 2534 praeparata,
814 2451 883 2533 jam
910 2471 968 2532 per
995 2449 1060 2512 Dei
1089 2447 1224 2532 gratiam

171 2549 281 2633 pronis
293 2550 467 2612 cervicibus
481 2550 550 2613 fore
566 2552 776 2635 sperabantur
791 2549 943 2612 obnoxia.

166 2688 169 2693 <
211 2651 299 2714 ¹Item
325 2652 364 2713 ad
379 2662 566 2735 argumenta
581 2674 710 2735 quoque
726 2652 846 2715 futurae
869 2649 1045 2734 majestatis
1058 2649 1222 2714 immensae

169 2753 247 2816 facit
275 2762 309 2814 et
334 2753 423 2827 visio,
455 2756 551 2838 q'uam
572 2754 653 2817 vidit
680 2753 778 2816 frater
805 2748 936 2836 quidam
965 2751 1004 2813 de
1020 2751 1161 2826 Vicenis,
1176 2753 1225 2815 vir

165 2854 300 2938 quidem
312 2853 450 2938 simplex
466 2866 499 2918 et
512 2865 618 2919 rectus
629 2872 669 2918 'ac
684 2854 861 2938 religiosus,
884 2872 998 2936 parum
1019 2863 1094 2915 ante
1117 2863 1223 2916 ortum

169 2956 248 3017 dicti
262 2955 363 3038 Regis
378 2955 533 3040 Philippi.
563 2956 707 3021 Videbat
722 2956 807 3018 enim
817 2975 954 3040 puerum
964 2955 998 3017 in
1009 2954 1098 3017 cunis
1108 2955 1148 3017 ab
1157 2955 1222 3018 alto

168 3056 327 3140 dilapsum
341 3068 374 3120 et
389 3057 423 3120 in
439 3058 605 3121 Franciam
617 3059 798 3134 demissum,
808 3055 1003 3140 Francisque
1015 3056 1105 3140 regni
1120 3056 1223 3120 haere-

167 3158 241 3220 dem
263 3155 409 3222 ‘validum
438 3182 562 3222 summo
592 3183 687 3244 opere
724 3159 988 3236 desiderantibus,
1020 3169 1173 3242 tanquam
1204 3182 1223 3221 a

167 3260 240 3324 Deo
255 3261 380 3340 datum3
397 3261 454 3346 qui
477 3262 584 3325 subito
607 3261 716 3325 statim
738 3261 773 3324 in
794 3271 895 3324 tantae
918 3261 1120 3324 excellentiae
1143 3271 1223 3324 tarn-

168 3385 231 3446 que
253 3385 395 3447 procerae
411 3374 542 3427 staturae
566 3365 767 3448 majestatem
781 3363 905 3426 cunctis
919 3360 1150 3425 admirantibus
1165 3383 1222 3424 ex-

168 3463 278 3540 crevit,
295 3465 383 3547 quod
405 3464 484 3526 duos
506 3465 667 3548 principes
694 3461 848 3540 excelsos,
872 3461 1074 3524 Alemanniae
1101 3462 1222 3524 scilicet

169 3563 400 3647 Imperatorem
410 3575 443 3626 et
454 3563 585 3648 Angliae
598 3564 736 3647 Regem,
748 3563 788 3626 ad
802 3563 902 3625 latera
914 3561 1015 3645 ipsius
1025 3572 1124 3645 prout
1135 3562 1221 3624 vide-

167 3666 263 3728 batur
285 3665 487 3741 constitutos,
511 3664 721 3750 superpositis
742 3664 900 3749 capitibus
925 3663 1068 3746 ipsorum
1093 3662 1219 3745 palmis,

167 3767 246 3831 adeo
271 3766 306 3828 in
332 3776 449 3829 terram
464 3766 643 3851 opprimere
659 3767 790 3830 deorsus
805 3763 890 3828 visus
911 3773 961 3828 est
982 3775 1015 3828 et
1030 3763 1219 3846 deprimere,

168 3867 255 3950 quod
270 3867 352 3930 nihil
374 3889 416 3929 ex
431 3867 519 3951 ipsis,
536 3877 593 3930 aut
611 3867 702 3930 valde
716 3888 839 3952 parum,
856 3876 999 3949 tempore
1013 3865 1103 3928 brevi
1116 3865 1220 3928 visum

58 3982 62 3989 ’
167 3979 216 4031 est
229 3969 263 4031 in
283 3968 377 4032 terris
397 3989 589 4052 comparere.
635 3967 743 4034 Quam
758 3968 914 4031 visionem
930 3966 1062 4050 quidem
1075 3965 1125 4028 his
1146 3988 1219 4028 nos-

168 4070 226 4133 tris
241 4070 354 4133 diebus
370 4069 445 4132 satis
457 4080 568 4154 aperte
583 4069 701 4133 veritas
717 4068 921 4143 subsecutiva
935 4067 1164 4151 comprobavit.

212 4171 296 4235 Item
328 4182 361 4236 et
389 4171 471 4234 illud
503 4170 590 4255 quod
617 4172 646 4235 ei
677 4172 733 4255 qui
755 4169 882 4255 scripsit
903 4169 974 4232 haec
995 4168 1122 4245 accidit,
1137 4167 1221 4230 inter

166 4284 272 4338 cetera
300 4295 429 4358 quoque
455 4274 659 4356 prognostica
689 4272 951 4356 praetereundum
978 4270 1031 4333 hic
1060 4291 1127 4332 esse
1156 4291 1221 4332 non

1069 4391 1088 4432 n
