3000 5040
287 477 330 541 34
600 487 782 539 clarinus
807 487 1034 539 elusanusrs

286 641 322 704 in
336 649 428 704 tanta
437 639 507 724 jam
520 647 691 722 potestate,
707 647 861 722 tantaque
878 639 980 723 Regis
993 639 1211 703 familiaritate
1227 640 1344 703 cousti-

288 752 379 806 tutus
403 740 530 816 fuisset,
545 739 625 802 adeo
640 739 837 803 Francorum
851 740 977 823 Regem
992 751 1159 825 totamque
1175 742 1343 804 Franciam

288 840 501 907 communiter
515 840 550 902 in
564 849 688 924 patrem
702 862 798 903 suum
812 849 846 903 et
858 840 991 904 fratrem
1005 841 1110 905 verbis
1124 842 1343 925 persuasoriis,

288 954 328 1008 ut
342 952 411 1006 erat
433 940 715 1024 eloquentissimus
736 941 857 1025 pariter
879 951 914 1004 et
927 942 1172 1020 amantissimus,
1196 945 1264 1028 jam
1287 966 1345 1005 ex·

289 1043 452 1119 citaverat,
476 1053 515 1105 ut
538 1042 800 1126 inquietudinem
817 1051 950 1120 tantam,
967 1053 1132 1127 quantam,
1155 1044 1218 1106 nisi
1243 1055 1345 1107 morte

288 1154 462 1229 preventus
490 1143 615 1220 fuisset,
646 1153 741 1208 antea
761 1166 827 1209 non
854 1145 1009 1222 viderant,
1035 1145 1081 1208 eis
1108 1146 1222 1229 procul
1245 1146 1345 1209 dubio

289 1253 511 1331 comparasset.
557 1243 641 1307 Cum
663 1244 783 1308 etenim
804 1246 874 1330 jam
896 1245 931 1308 in
954 1244 1050 1309 armis
1071 1245 1187 1330 posita,
1208 1246 1345 1310 fundata

288 1349 420 1433 quidem
433 1345 569 1409 firmiter
583 1345 640 1408 sed
655 1355 689 1408 et
705 1345 855 1410 inchoata
876 1345 946 1410 fere
960 1345 1102 1410 turbatio
1116 1355 1207 1410 tanta
1219 1347 1344 1422 fuisset,

289 1449 404 1513 Comes
419 1446 606 1512 Gaufredus
627 1446 740 1536 eodem
760 1469 826 1532 quo
846 1458 880 1510 et
899 1447 1001 1512 frater
1022 1456 1116 1511 antea
1136 1449 1248 1511 morbo
1270 1469 1345 1511 acu-

287 1551 421 1634 tissimo,
436 1571 480 1614 sc.
506 1548 616 1612 febrili
638 1548 753 1627 calore,
778 1549 941 1613 lethaliter
966 1559 1142 1635 correptus,
1156 1548 1241 1612 infra
1264 1572 1345 1634 pau·

288 1651 429 1716 cissimos
440 1650 519 1726 dies,
529 1671 604 1713 cum
617 1649 763 1713 Franciae
774 1650 873 1714 totius
882 1650 1050 1735 Regisque
1060 1651 1224 1736 praecipue
1236 1651 1345 1714 dolore

287 1750 499 1836 permaximo,
516 1749 659 1813 Parisius
674 1750 756 1813 circa
769 1750 920 1815 kalendas
932 1751 1076 1836 Augusti
1089 1752 1186 1815 rebus
1194 1752 1344 1815 humanis

288 1861 461 1936 exemptus
490 1853 563 1914 est.¹
608 1849 687 1915 Rex
714 1852 834 1915 etenim
865 1852 1036 1938 Philippus
1058 1863 1149 1917 tanto
1174 1853 1281 1917 fuerat
1308 1853 1344 1916 in

287 1961 391 2017 morte
412 1951 514 2036 ipsius
539 1960 573 2015 et
596 1959 662 2014 tam
685 1952 876 2036 desperabili
894 1975 1032 2018 moerore
1055 1955 1230 2033 confectus,
1245 1964 1285 2018 ut
1308 1955 1343 2017 in

288 2054 420 2118 ecclesia
456 2053 629 2118 Parisiensi
660 2054 845 2133 cathedrali,
882 2052 945 2120 viz.
976 2053 1088 2119 Beatae
1120 2055 1275 2140 Virginis,
1310 2067 1344 2121 et

287 2154 457 2239 principali
480 2176 612 2238 quoque
627 2177 733 2219 coram
746 2156 850 2234 altari,
873 2156 998 2241 abipso
1022 2157 1058 2220 in
1078 2156 1209 2220 honoris
1223 2159 1343 2242 pariter

288 2265 322 2319 et
350 2253 466 2318 amoris
495 2255 622 2339 signum
652 2255 766 2322 comes
791 2258 901 2341 jussus
933 2257 1071 2336 humari,
1101 2259 1249 2343 exequiis
1272 2261 1342 2344 jam

287 2355 490 2421 solemnitate
515 2357 648 2435 exactis,
664 2380 738 2421 cum
761 2358 797 2422 in
811 2357 983 2422 funebrem
1007 2358 1125 2422 fossam
1147 2368 1233 2422 terra
1257 2360 1344 2423 clau-

288 2459 411 2523 dendus
434 2468 579 2523 extrema
605 2459 841 2537 demitteretur,
857 2482 891 2524 se
917 2460 959 2524 ob
973 2460 1208 2526 vehementiam
1226 2461 1343 2525 doloris

287 2583 352 2624 una
379 2581 453 2624 cum
473 2560 544 2644 ipso
565 2561 600 2623 in
625 2561 771 2624 tumbam
791 2560 936 2625 hiantem
965 2561 1027 2624 nisi
1052 2561 1209 2627 violenter
1231 2585 1251 2625 a
1278 2562 1344 2626 suis

287 2671 446 2726 retractus
456 2661 582 2739 fuisset,
597 2662 801 2747 praecipitare
815 2671 968 2747 parasset.

331 2764 432 2829 Porro
446 2787 515 2847 prae
531 2765 618 2827 omni
634 2764 743 2827 dolore
756 2763 858 2848 patris
873 2764 964 2828 dolor
977 2764 1234 2849 incomparabilis
1249 2777 1318 2831 erat
1332 2792 1342 2844 ς

285 2865 453 2929 nonenim
479 2874 548 2928 erat
568 2863 658 2927 dolor
678 2864 762 2929 sicut
776 2864 867 2927 dolor
891 2866 972 2949 ejus.
1027 2865 1080 2929 De
1102 2867 1202 2950 priori
1226 2890 1342 2952 nempe

286 2962 356 3025 filio
382 2961 525 3024 dolorem
548 2959 705 3024 beneficio
732 2960 886 3044 temporis
906 2962 975 3045 jam
999 2961 1151 3046 sopitum,
1167 2963 1257 3026 dolor
1281 2965 1342 3028 iste

287 3082 425 3146 sequens
448 3059 665 3137 resuscitavit3
684 3060 835 3144 quoniam
850 3069 884 3125 et
909 3072 986 3125 tunc
1012 3063 1196 3126 crudescere
1210 3063 1343 3128 vulnera

288 3169 460 3246 coeperunt
475 3159 594 3244 quibus
608 3161 788 3225 cicatricem
808 3161 1002 3226 diuturnitas
1016 3163 1208 3227 obduxerat.
1253 3164 1343 3229 Ictus

288 3262 413 3347 quippe
430 3261 621 3348 novissimus
635 3263 733 3326 etiam
746 3272 870 3327 veteres
890 3263 1080 3347 plerumque
1099 3264 1208 3348 plagas
1233 3265 1343 3328 dolore

287 3361 458 3437 rescindit3
490 3358 607 3424 vulnus
633 3360 720 3423 enim
747 3360 846 3424 animi
874 3359 963 3444 quod
988 3370 1132 3445 tempore
1159 3371 1193 3425 et
1219 3362 1343 3426 ratione

289 3474 437 3529 curatum
462 3469 520 3537 est,
545 3461 803 3526 commemoratio
824 3483 934 3525 rursus
963 3460 1138 3524 exulcerat.
1184 3461 1280 3527 Unde
1309 3474 1343 3527 et

289 3565 440 3629 effectum
455 3571 557 3626 estut
571 3563 629 3646 qui
643 3563 739 3628 modo
754 3585 829 3626 cum
842 3561 917 3626 filiis
925 3561 1031 3626 vivere
1045 3583 1110 3625 non
1124 3572 1261 3648 poterat,
1274 3565 1342 3628 sine

289 3665 364 3730 filiis
378 3666 482 3731 vivere
507 3665 576 3749 jam
600 3674 771 3729 recusaret.
817 3663 847 3728 Ο
874 3685 971 3746 quam
996 3663 1085 3741 dura,
1109 3686 1206 3748 quam
1234 3687 1346 3750 aspera

290 3791 377 3848 sors3
400 3765 532 3852 quiade
548 3765 645 3828 tantis
659 3765 745 3850 patri
768 3764 957 3849 pignoribus
970 3763 1054 3826 nihil
1070 3763 1202 3828 omnino
1216 3775 1344 3848 poterat

207 3901 231 3937 c*
289 3870 352 3932 nisi
366 3869 418 3933 vel
441 3877 545 3930 morte
567 3889 699 3944 moeror,
715 3867 767 3930 vel
789 3867 855 3930 vita
870 3865 1000 3930 vexatio
1018 3867 1207 3950 provenire!
1253 3867 1344 3933 Num

292 3979 325 4032 et
353 3969 435 4032 illud
464 3967 548 4031 Osee
570 3967 646 4031 huic
675 3967 820 4051 adaptari
847 3975 974 4050 potest:
1009 3967 1048 4030 Si
1065 3969 1232 4052 peccarint
1242 3969 1345 4053 filios,

290 4069 404 4154 absque
411 4070 639 4152 patrefactum
648 4090 706 4132 eos.
751 4068 799 4132 Et
811 4066 916 4132 infra:
936 4069 1028 4134 Quod
1036 4072 1069 4133 si
1079 4072 1236 4154 genuerit,
1248 4071 1347 4133 icter-

279 4170 392 4250 flciam
407 4171 620 4234 amantissima
633 4171 716 4233 uteri
730 4171 870 4235 eorum?

326 4296 334 4327 ¹
353 4297 421 4365 Aug.
436 4298 477 4363 19,
492 4299 568 4349 1186.
881 4297 891 4328 ⁹
910 4297 999 4352 Hosea
1010 4300 1047 4354 ix.
1062 4304 1103 4369 12,
1118 4305 1160 4356 16.
