3000 5040
443 486 492 535 DE
516 486 782 537 INSTRUOTIONE
806 487 1018 540 PRINCIPUM.
1215 478 1249 540 6]

203 635 383 701 Christiano
404 637 570 700 imminere
585 638 776 723 periculum,
791 638 890 703 immo
903 638 1133 704 exterminium
1147 638 1257 703 formi-

201 738 308 814 datur,
338 749 377 801 ut
411 760 470 823 per
496 739 663 804 brachium
698 741 796 824 regiae
826 741 1068 825 magnitudinis,
1105 741 1256 804 membris

200 839 283 925 Ejus
305 841 510 925 impendatur
534 842 731 927 praesidium,
756 842 814 926 qui
837 852 871 906 te
895 854 934 906 ut
957 843 998 906 ad
1021 854 1120 907 tantae
1143 843 1254 927 gloriae

199 952 233 1005 et
260 943 459 1026 praelationis
487 943 611 1028 apicem
639 944 832 1029 pervenires,
859 967 916 1008 sua
944 945 1076 1029 pietate·
1089 945 1253 1022 concessit,

199 1054 233 1106 et
256 1055 288 1107 te
314 1055 424 1108 contra
449 1044 500 1109 sui
528 1047 665 1109 nominis
693 1047 933 1131 impugnatores
959 1045 1097 1110 nefarios
1124 1068 1255 1110 murum

164 1145 485 1230 ¹>inexpugnabilem
526 1147 695 1212 ordinavit.
756 1147 897 1210 Proinde
941 1147 1073 1220 noverit
1101 1147 1254 1211 serenitas

198 1257 264 1324 tua,
286 1249 356 1332 jam
378 1248 496 1312 crebris
525 1259 558 1312 et
579 1248 721 1312 molestis
748 1271 845 1332 super
867 1249 928 1312 hoc
951 1249 1086 1332 pulsata,
1102 1248 1252 1333 querelis,

198 1349 337 1432 qualiter
366 1358 450 1412 terra
473 1348 756 1433 ierosolymitana,
775 1349 921 1433 specialis
947 1349 1119 1413 haereditas
1142 1348 1254 1418 Cruci·

197 1451 277 1527 fixi;
313 1450 349 1512 in
374 1471 440 1532 qua
463 1459 582 1512 nostrae
612 1449 724 1512 salutis
749 1460 826 1513 sunt
851 1450 1063 1534 pronunciata
1091 1450 1252 1533 mysteria,

199 1561 233 1614 ct
257 1551 359 1635 ipsius
378 1550 425 1612 rei
450 1550 651 1614 exhibitione
671 1549 839 1635 completa,
861 1573 958 1635 quam
979 1549 1040 1613 Ille
1058 1551 1116 1634 qui
1139 1561 1255 1615 cuncta

199 1651 353 1729 condidit,
376 1652 410 1714 in
438 1662 557 1715 sortem
581 1674 672 1715 suam
696 1651 851 1736 peculiari
875 1651 1042 1736 privilegio
1064 1652 1252 1737 deputavit3

198 1753 330 1839 perfidae
343 1765 377 1817 et
387 1753 599 1838 spurcissimae
614 1754 719 1837 gentis
734 1754 845 1816 attrita
856 1764 889 1835 et
900 1753 1076 1816 convallata
1087 1754 1252 1837 pressuris,

198 1856 259 1918 nisi
286 1855 316 1918 ei
338 1855 432 1918 celeri
456 1855 598 1918 remedio
621 1866 834 1932 succurratur,
857 1876 959 1940 prona
984 1854 1027 1916 sit
1046 1854 1086 1916 ad
1107 1856 1251 1934 ruinam3

198 1968 232 2020 et
252 1957 339 2034 inde,
355 1956 443 2040 quod
465 1955 559 2032 absit,
575 1956 731 2020 sustineat
752 1955 991 2040 irreparabilem
1012 1955 1125 2039 religio
1145 1955 1254 2020 Chris-

197 2059 284 2122 tiana
304 2059 474 2143 jacturam.
520 2056 579 2121 Ille
603 2057 688 2120 enim
716 2056 885 2135 Saladinus
914 2057 1016 2122 sancti
1038 2068 1072 2120 et
1094 2059 1252 2122 tremendi

198 2160 335 2223 nominis
373 2159 620 2223 immanissimus
659 2168 857 2243 persecutor,
894 2158 942 2221 ita
981 2158 1098 2242 spiritu
1133 2159 1252 2224 furoris
1296 2226 1303 2238 ,

197 2261 371 2339 incanduit,
389 2270 422 2324 ct
443 2261 544 2324 totius
566 2261 722 2343 nequitiae
745 2270 813 2323 su'ae
821 2259 911 2322 vires
936 2260 976 2322 ad
1002 2259 1252 2324 internecionem

196 2363 309 2448 populi
334 2361 438 2425 fidelis
461 2372 602 2437 exercet,
625 2373 663 2425 ut
683 2361 746 2424 nisi
769 2359 977 2423 immanitatis
999 2361 1069 2444 ejus
1081 2360 1252 2425 vehemens

197 2465 348 2548 impetus,
364 2462 456 2547 quasi
471 2461 606 2546 objectis
632 2461 777 2525 obicibus
798 2461 1002 2544 reprimatur,
1018 2469 1137 2524 certam
1162 2485 1252 2546 spem

197 2564 413 2648 fiduciamque
442 2562 603 2647 suscipiat,
631 2563 719 2646 quod
741 2561 889 2625 Jordanis
911 2560 1027 2624 influat
1052 2561 1088 2623 in
1112 2584 1146 2625 os
1170 2565 1250 2648 ejus,

198 2678 233 2730 et
245 2677 330 2729 terra
340 2664 521 2749 aspersione
531 2663 649 2727 vivifici
664 2660 1023 2746 sanguinis'consecrata
1038 2663 1251 2746 spurcissimae

198 2766 434 2852 superstitionis
456 2765 558 2849 ipsius
580 2765 727 2849 contagio
742 2764 927 2849 polluatur3
955 2775 989 2828 et
1004 2787 1100 2848 quam
1122 2764 1252 2848 gloriosi

198 2881 232 2933 et
252 2869 376 2932 nobiles
397 2868 646 2952 praedecessores
673 2866 723 2930 tui
750 2889 769 2929 a
791 2866 933 2930 dominio
954 2865 1060 2949 gentis
1076 2865 1251 2930 ineredulae

56 2974 73 2981 ⁶
144 2992 145 2996 ’
196 2970 308 3034 multis
332 2969 495 3032 laboribus
528 2968 703 3052 multisque
725 2967 875 3052 periculis
909 2975 1110 3044 exemerunt,
1142 2989 1253 3039 rursus

196 3072 336 3136 nefando
350 3069 478 3155 tyranni
495 3069 683 3152 nequissimi
698 3069 838 3133 dominio
853 3070 1054 3154 subjugatur.
1100 3067 1152 3132 Ob
1170 3069 1253 3133 hanc

168 3233 170 3237 .
196 3175 307 3257 itaque
329 3171 538 3247 necessitatis,
554 3181 587 3234 et
601 3170 798 3234 imminentis
817 3170 934 3235 doloris
955 3159 1150 3247 instantiam,
1165 3194 1253 3255 mag-

197 3274 392 3338 nificentiam
417 3283 506 3336 tuam
526 3271 723 3358 Apostolieis
744 3272 846 3336 literis
869 3271 1023 3335 duximus
1046 3273 1252 3352 exorandam,

196 3378 261 3440 imo
284 3375 426 3440 dilatatis
448 3374 634 3460 praecordiis
659 3396 783 3438 summa
804 3373 1035 3439 acclamatione.
1052 3375 1251 3459 pulsandam,

198 3489 355 3564 quatenus
373 3478 415 3540 ad
435 3476 590 3540 honorem
606 3474 713 3560 Ipsius
727 3475 898 3559 respiciens
915 3474 972 3559 qui
987 3485 1019 3538 te
1035 3475 1204 3539 constituit
1217 3476 1252 3538 in

197 3580 338 3656 sublimi,
362 3589 396 3642 et
415 3579 515 3664 juxta
539 3599 656 3641 nomen
683 3599 883 3660 magnorum,
908 3577 965 3660 qui
991 3586 1067 3639 sunt
1090 3577 1125 3639 in
1148 3577 1252 3654 terris,

163 3726 166 3730 ⁴
197 3701 315 3744 nomen
329 3681 401 3744 tibi
424 3679 562 3744 contulit
586 3678 776 3767 gloriosum,
786 3678 826 3740 ad
849 3677 1078 3741 desolationem
1106 3677 1252 3761 praefatae

196 3794 292 3847 terrae
323 3781 453 3866 pietatis
483 3781 590 3845 studio
617 3790 649 3844 te
674 3788 848 3855 convertas,
876 3788 910 3841 et
938 3787 976 3841 ut
998 3777 1081 3861 Ejus
1106 3777 1253 3843 confusio

195 3885 230 3948 in
243 3884 303 3967 hac
323 3892 414 3968 parte
428 3882 570 3960 tollatur,
587 3882 644 3965 qui
662 3902 720 3965 pro
736 3890 768 3944 te
782 3880 816 3943 in
835 3879 905 3963 ipsa
918 3890 1003 3943 terra
1017 3878 1120 3942 voluit
1139 3879 1251 3943 baberi

195 3985 347 4064 ludibrio,
363 4007 492 4069 operam
516 3983 667 4048 adhibeas
690 3983 866 4060 efficacem3
891 3990 1050 4066 quatenus
1073 3981 1252 4065 praedeces·

196 4111 308 4168 sorum,
320 4097 451 4151 tuorum
465 4085 600 4168 vestigia
618 4084 819 4160 subsecutus,
846 4105 942 4167 quam
971 4081 1034 4166 ipsi
1057 4104 1076 4144 a
1097 4082 1250 4167 principis

195 4190 399 4254 tenebrarum
437 4186 585 4250 faucibus
629 4197 801 4262 exuerunt,
841 4185 875 4247 in
914 4184 1005 4247 cultu
1042 4184 1149 4267 magni
1186 4185 1251 4248 Dei

196 4314 253 4377 per
287 4302 376 4356 tuam
395 4283 621 4374 diligentiam,
650 4287 826 4351 auxiliante
856 4285 998 4365 Domino
1035 4295 1248 4352 conservetur.
