3000 5040
423 504 471 552 nn
497 503 762 557 rusrnucrronn
788 508 1003 560 Parucrrun.
1198 499 1236 561 19

630 845 710 909 Car.
728 846 789 909 IV.

181 1003 234 1064 De
268 1011 339 1065 rota
358 1004 497 1084 sortunae
520 1005 620 1088 ipsius
653 1005 691 1068 de
723 1015 830 1070 cetero
859 1028 979 1091 semper
1011 1009 1177 1088 inclinata,
1207 1021 1237 1074 et

258 1105 410 1190 perfidior
424 1107 524 1192 braum
538 1107 720 1189 infestantes
734 1130 853 1193 semper
865 1110 899 1171 ia
906 1131 1048 1196 preceps
1061 1113 1148 1176 data.

224 1320 278 1384 AB
300 1321 399 1406 hujus
426 1332 534 1386 autem
560 1332 626 1386 tam
654 1322 834 1386 detestandi
858 1324 996 1401 sceleris,
1019 1333 1151 1410 tamque
1179 1349 1235 1389 ne·
1248 1359 1377 1400 osam..

180 1423 301 1510 phandi
329 1424 479 1487 facinoris
501 1446 583 1487 ausu
608 1423 772 1507 sacrileg0,
799 1425 900 1508 coepit
925 1426 978 1488 ei1
1001 1437 1072 1490 rota
1094 1429 1234 1492 fortunae
1247 1411 1398 1502 llillssssitend.

179 1525 330 1589 volubilis
354 1526 441 1588 ocius
467 1526 507 1588 ad
530 1525 595 1588 ima
613 1525 746 1603 devolvi,
771 1525 930 1610 solitoque
953 1529 1082 1613 segnius
1105 1531 1146 1593 ad
1173 1511 1314 1612 altaissllf
1322 1513 1384 1602 iii?

176 1625 285 1690 levari.
332 1624 442 1710 Coepit
469 1648 536 1690 sors
561 1627 650 1711 regia
677 1627 832 1712 paulatim
861 1630 1040 1708 attenuari;
1074 1631 1175 1717 coepit
1204 1642 1237 1696 et
1248 1613 1391 1703 blllllll.

180 1729 334 1811 regnandi
342 1729 442 1792 robur
457 1729 496 1792 de
506 1729 557 1792 die
572 1730 607 1793 in
617 1730 702 1793 diem
714 1729 866 1794 enervari.
897 1723 1103 1816 Quamquam
1116 1734 1236 1796 etenim
1247 1713 1393 1805 lifflllllf‘

178 1842 253 1916 post
272 1831 460 1895 afflictiones
474 1855 585 1916 graves
606 1841 640 1896 et
661 1831 885 1917 desperabiles,
902 1832 1009 1896 divina
1029 1835 1236 1918 permissione

178 1933 300 2017 pariter
326 1943 360 1996 et
389 1935 591 2020 probatione,
618 1935 782 1998 interdum
811 1957 975 2019 resurgere
1003 1944 1036 1998 et
1063 1936 1236 2001 virtuosius

179 2034 366 2119 ampliorem
380 2036 421 2098 ad
435 2036 570 2119 gloriam
584 2036 792 2100 coascendere
807 2036 979 2114 videretur,
990 2059 1115 2121 semper
1129 2048 1236 2103 tamen

180 2140 255 2204 filiis
266 2143 334 2226 jam
349 2142 467 2206 adultis
481 2141 516 2204 in
530 2139 638 2224 ipsum
652 2139 838 2223 frequenter
859 2138 1111 2222 insurgentibus,
1127 2140 1235 2203 corda-

181 2264 244 2326 que
258 2265 427 2326 procerum
449 2243 511 2308 sibi
534 2241 680 2326 quotidie
703 2242 804 2326 magis
824 2263 860 2304 ac
885 2241 985 2325 magis
1009 2241 1236 2331 allicientibus¹

180 2343 215 2405 in
239 2345 329 2408 nullo
357 2346 467 2430 potuit
491 2344 656 2409 felicitatis
682 2354 778 2421 statu,
799 2343 890 2406 nullo
916 2342 1096 2406 securitatis
1118 2344 1236 2426 gaudio

180 2467 375 2529 permanere.
434 2447 562 2510 Exacto
591 2467 707 2528 nempe
733 2453 805 2528 post
835 2443 1062 2528 triumphalem
1087 2445 1236 2528 martyris

180 2547 282 2609 nostri
301 2548 440 2631 palmam
464 2548 556 2632 quasi
569 2547 726 2622 bienni0‚2
741 2545 903 2609 Henricus
929 2547 1072 2630 ejusdem
1096 2547 1183 2611 filius
1203 2559 1237 2613 et

181 2649 365 2713 extantium
384 2649 567 2734 primaevus,
584 2649 716 2732 quique,
740 2649 810 2732 ipso
829 2659 1032 2731 procurante,
1053 2648 1122 2731 jam
1144 2650 1235 2733 regni

179 2749 286 2814 fuerat
314 2773 462 2814 coronam
496 2751 641 2835 adeptus,
672 2749 712 2812 ad
740 2769 886 2812 socerum
913 2771 1007 2813 suum
1040 2752 1235 2815 Francorum

181 2852 307 2937 Regem
322 2853 524 2918 Ludovicum
547 2875 620 2915 cum
647 2852 774 2915 duobus
798 2851 951 2914 fratribus
975 2851 1050 2928 suis,
1068 2852 1236 2916 Pictaven-

180 2954 288 3018 sium³
303 2979 344 3019 sc.
362 2966 396 3020 et
421 2955 617 3018 Britonum⁴
640 2952 820 3030 comitibus,
838 2975 858 3015 a
881 2962 972 3038 patre
996 2955 1086 3016 etin
1111 2964 1235 3038 patrem

178 3058 285 3142 palam
310 3057 464 3133 discessit,
488 3078 633 3142 proceres
661 3055 781 3118 multos
807 3064 840 3118 et
865 3077 996 3138 magnos
1028 3065 1093 3118 tam
1119 3056 1235 3138 Angli-

109 3181 112 3187 ⁴
179 3181 274 3222 canos
302 3181 399 3243 quam
428 3158 652 3222 transmarinos
675 3157 844 3242 complices
865 3156 986 3221 habens
1022 3168 1056 3221 et
1081 3158 1233 3221 fautores.

180 3259 220 3323 ln
235 3283 300 3346 quo
320 3261 472 3325 conflictu
494 3260 708 3325 anecessariis
722 3260 790 3323 fere
813 3260 956 3323 desertus
978 3260 1138 3337 omnibus,
1154 3261 1234 3323 adeo

177 3363 378 3448 desperabili,
400 3363 478 3426 Rex
492 3363 589 3446 affligi
605 3362 715 3447 coepit,
731 3371 769 3424 ut
794 3384 852 3424 nec
875 3362 915 3424 ab
936 3361 1007 3446 ipso
1028 3384 1086 3424 nec
1108 3362 1149 3424 ab
1171 3361 1235 3425 alio

177 3465 244 3528 ulla
268 3465 455 3550 resurgendi
478 3465 579 3549 gratia
603 3474 792 3548 speraretur.
852 3463 965 3529 Quum
993 3453 1155 3526 enimvero
1183 3463 1233 3524 in-

177 3551 264 3631 imici
292 3567 430 3653 hominis
459 3567 625 3630 domestici
661 3567 741 3649 ejus
771 3575 805 3627 et
839 3565 923 3628 inter
951 3575 1067 3648 pestes,
1097 3564 1233 3647 pessima

177 3669 341 3732 familiaris
356 3690 480 3753 semper
494 3666 672 3742 inimicitia,
686 3665 748 3728 hoc
770 3665 801 3726 ei
822 3665 863 3727 ad
888 3665 1052 3728 cumulum
1066 3664 1184 3727 doloris
1199 3677 1232 3728 et

180 3770 409 3854 desperationis
435 3767 585 3845 accessit;
615 3776 648 3830 et
676 3763 724 3828 illi
752 3788 882 3849 quoque
912 3787 994 3850 quos
1019 3765 1231 3828 cubicularios

177 3872 240 3936 sibi
254 3871 372 3936 milites
387 3871 537 3955 elegerat,
553 3869 587 3932 in
610 3889 749 3952 quorum
771 3867 918 3930 manibus
933 3876 1070 3931 mortem
1085 3866 1232 3931 similiter

214 4056 293 4110 ¹For
320 4074 336 4108 a
369 4055 472 4126 general
488 4040 619 4106 estimare
654 4050 683 4103 of
731 4048 775 4102 the
798 4048 983 4119 Necrologium
1008 4049 1037 4102 of
1058 4049 1230 4120 Fontemaud,

178 4127 291 4196 Henry’s
315 4125 453 4189 character,
475 4124 520 4176 the
544 4122 632 4175 reader
656 4121 678 4173 is
731 4119 825 4190 quoted
838 4118 1013 4189 byBouquet,
1026 4120 1061 4173 ib.

177 4196 288 4249 referred
305 4205 333 4248 to
350 4195 395 4248 the
413 4193 502 4248 Abbot
520 4193 549 4245 of
567 4193 679 4261 Cogges-
766 4189 776 4218 ²
794 4206 848 4241 mn.
863 4189 940 4243 1173.
1014 4190 1025 4224 ³
1043 4189 1211 4243 Richardum.

176 4266 243 4334 hale,
253 4284 278 4337 p.
289 4269 340 4330 623
358 4264 409 4317 and
421 4273 448 4317 to
460 4282 493 4317 an
505 4270 604 4316 extract
612 4262 678 4314 from
766 4260 775 4290 ⁴
794 4259 958 4312 (lanfridum.

1040 4350 1090 4398 02
