3000 5040
427 482 476 532 DE
502 481 768 536 INSTRUOTIONE
794 481 1008 533 Patremon.
1202 468 1243 529 55

183 630 322 709 fuerant,
351 640 427 695 sunt
455 642 563 697 tamen
592 633 626 695 in
657 633 806 697 omnibus
834 632 987 696 historica
1014 630 1149 696 veritate
1177 631 1244 694 suf-

184 730 289 795 fulta.¹
348 781 351 785 -
418 779 420 783 <
525 774 528 779 -
737 783 741 787 .

225 835 271 872 “¹
284 832 375 909 Gens
388 832 489 918 igitur
505 833 726 918 Hybernicaa
739 833 846 919 primo
860 835 1016 898 adventus
1031 834 1082 898 sui
1096 844 1242 919 tempore

181 945 216 998 et
240 935 336 1018 primi
361 935 663 1020 illiusHerymonia
685 958 904 1021 regnansque
925 937 967 1000 ad
993 935 1179 1000 Gurmundi
1209 945 1243 1000 et

182 1035 331 1120 Turgesii
356 1049 501 1122 tempora
517 1038 651 1122 (quibus
677 1048 711 1102 et
733 1040 864 1103 turbata
886 1038 979 1122 quies
1002 1048 1037 1102 et
1060 1037 1243 1122 interrupta

181 1137 381 1221 aliquamdiu
395 1139 460 1203 fuit
483 1141 554 1225 ejus
580 1140 823 1224 tranquillitas),
849 1140 1036 1223 iterumque
1065 1139 1106 1202 ab
1129 1160 1241 1203 eorum

181 1238 275 1302 obitu
301 1260 405 1324 usque
427 1241 469 1304 ad
491 1240 563 1304 haec
584 1251 693 1304 nostra
716 1250 871 1324 tempora,
891 1242 932 1304 ab
958 1239 1045 1303 omni
1066 1238 1240 1303 alienarum

180 1336 328 1423 gentium
341 1341 473 1405 incursu
481 1343 584 1406 libera
594 1341 712 1405 mansit
729 1351 763 1404 et
773 1342 983 1419 inconcussa3
999 1341 1101 1404 donec
1112 1363 1171 1426 per
1184 1363 1241 1405 vos

181 1439 273 1522 (Rex
301 1443 519 1526 invictissime)
540 1452 574 1506 et
603 1452 721 1507 vestrae
747 1441 959 1505 animositatis
987 1440 1162 1518 audaciam,
1189 1443 1240 1505 his

181 1543 287 1606 denuo
301 1543 418 1607 nostris
433 1545 545 1608 diebus
571 1553 620 1606 est
642 1544 834 1628 subjugata3
858 1565 942 1606 anno
963 1541 1115 1605 videlicet
1134 1542 1239 1604 aetatis

181 1655 295 1708 vestrae
311 1665 381 1708 xm.
396 1645 488 1728 regni
502 1644 600 1708 vestri
609 1664 694 1708 xv11.
708 1645 748 1708 ab
759 1643 984 1708 Incarnatione
992 1665 1067 1707 vero
1077 1662 1236 1706 Mcnxxn.

222 1744 391 1808 “Certant
417 1745 504 1808 enim
532 1767 605 1808 cum
627 1745 703 1809 orbe
732 1755 891 1808 terrarum
917 1744 1061 1808 vietoriae
1098 1754 1236 1823 vestrae;

177 1869 285 1910 cuma
301 1847 468 1928 Pyrenaeis
484 1845 655 1931 Hispaniae
675 1846 841 1910 montibus
858 1868 964 1929 usque
983 1845 1018 1907 in
1038 1845 1187 1908 occiduos
1204 1855 1239 1909 et

178 1957 340 2011 extremos
362 1947 505 2012 Boreaiis
525 1947 635 2011 oceani
654 1947 735 2010 fines
748 1946 937 2010 Alexander
955 1957 1065 2010 noster
1080 1946 1237 2010 Occiden-

178 2048 250 2112 talis
258 2049 425 2114 brachium
438 2048 624 2114 extendisti.
671 2045 841 2114 Quantum
855 2048 955 2131 igitur
968 2047 1068 2111 bisin
1089 2048 1236 2132 partibus

178 2160 293 2214 natura
307 2160 416 2230 terras,
433 2161 559 2215 tantum
574 2159 607 2213 et
614 2149 764 2214 victorias
781 2150 941 2214 extulisti.
987 2149 1024 2213 Si
1039 2166 1234 2214 excursuum

177 2261 309 2316 tuorum
330 2263 427 2316 metae
452 2262 652 2337 quaerantur,
667 2252 758 2336 prius
783 2252 886 2315 deerit
905 2250 992 2314 orbis
1011 2272 1108 2334 quam
1129 2250 1234 2314 aderit

175 2353 259 2418 finis.
304 2353 462 2418 Animoso
478 2355 598 2438 quippe
617 2353 742 2437 pectori
757 2373 878 2416 cessare
893 2361 1030 2437 possunt
1044 2362 1150 2430 terrae,
1167 2377 1234 2418 ces-

175 2477 244 2518 sare
270 2455 418 2529 nesciunt
442 2455 605 2531 victoriae;
649 2475 709 2517 nec
735 2453 845 2516 deesse
873 2461 1030 2536 poterunt
1063 2453 1232 2539 triumphi,

176 2556 233 2619 sed
245 2556 380 2619 materia
394 2554 626 2639 triumphandi.

218 2657 401 2723 “Qualiter
424 2656 525 2739 igitur
550 2655 655 2718 titulis
681 2664 715 2718 et
736 2655 909 2739 triumphis
934 2655 1048 2718 vestris
1075 2656 1232 2721 Hiberni-

174 2781 231 2823 cus
252 2758 339 2823 orbis
365 2756 560 2821 accesserit?
604 2756 736 2823 Quanta
761 2766 794 2820 et
815 2779 914 2841 quam
934 2756 1089 2820 laudabili
1110 2758 1231 2822 virtute

173 2861 284 2924 oceani
311 2869 433 2924 secreta
461 2868 495 2922 et
517 2858 644 2933 occulta
664 2867 790 2922 naturae
825 2859 973 2944 deposita
995 2868 1231 2944 transpenetra-

171 2963 278 3026 veris?
322 2961 431 3028 Quam
444 2970 639 3046 praemature
655 2971 689 3025 et
702 2960 939 3045 intempestive,
953 2983 1051 3045 quam
1065 2960 1229 3026 celerrime

171 3074 206 3130 et
232 3063 474 3128 scelerosissime
501 3063 656 3126 intestina
684 3062 919 3148 conspiratione
945 3063 986 3126 ab
1015 3085 1098 3128 ausu
1126 3063 1229 3127 nobili

170 3175 337 3230 revocatus
350 3165 461 3242 fueris,
476 3164 609 3228 victoria
632 3173 742 3228 tamen
766 3164 934 3248 completa,
950 3165 1007 3228 sed
1028 3166 1171 3230 nondum
1193 3165 1228 3229 in

169 3267 305 3331 formam
333 3268 464 3350 regione
488 3267 639 3330 redacta?
683 3265 835 3333 Qualiter
862 3267 1042 3350 fulguranti
1071 3269 1227 3332 adventus

170 3370 268 3433 vestri
302 3369 424 3432 lumine
453 3368 585 3432 attoniti
621 3368 834 3433 occidentales
869 3369 976 3452 reguli
1003 3378 1157 3455 tanquam
1185 3371 1227 3434 ad

170 3472 343 3534 lucubrum
375 3470 477 3547 avide,
503 3471 544 3532 ad
568 3479 710 3534 vestrum
734 3469 843 3533 statim
871 3470 1044 3554 imperium
1079 3472 1227 3536 convola-

117 3561 119 3571 ’
170 3583 296 3636 verunt.
350 3571 459 3637 Quam
483 3571 709 3633 innaturaliter
743 3580 777 3634 et
801 3571 1030 3635 illaudabiliter
1059 3575 1226 3656 conjurata

168 3673 203 3736 in
217 3683 362 3736 ventrem
378 3671 509 3747 viscera,
526 3679 593 3733 tam
608 3669 783 3733 Orientalis
804 3669 895 3734 Asiae
922 3693 1019 3755 quarn
1034 3673 1132 3735 etiam
1145 3673 1224 3736 His·

168 3773 274 3858 paniae
289 3771 437 3836 victorias
450 3781 580 3848 vestras,
606 3792 685 3855 quas
701 3769 963 3836 Occidentalibus
982 3772 1169 3838 continuare
1190 3785 1224 3838 et

167 3876 265 3940 fidem
281 3873 402 3938 Christi
427 3873 554 3956 egregie
576 3871 710 3936 dilatare
733 3872 841 3936 animo
868 3873 996 3937 excelso
1015 3875 1084 3958 jam
1110 3898 1222 3939 conce-

167 3999 270 4062 peras,
285 3986 352 4040 tam
368 3997 466 4060 pravo
481 3984 515 4038 et
528 3974 641 4059 iniquo
665 3973 808 4052 consilio,
832 3975 960 4060 totique
983 3975 1128 4040 fidelium
1150 3979 1221 4042 orbi

168 4077 419 4155 damnosissimo,
457 4076 651 4141 distulerint.
698 4075 860 4142 Quantam
897 4077 1156 4158 misericordiam,
1187 4091 1221 4146 et

167 4203 265 4266 quam
278 4179 472 4244 laudabilem
497 4178 532 4241 in
558 4176 708 4262 Principe
723 4187 756 4241 et
778 4179 958 4263 capitaliter
980 4181 1102 4246 offenso
1127 4181 1219 4268 Rege

515 4313 522 4339 ¹
543 4311 642 4382 Topog.
656 4311 772 4382 Hybern.
784 4330 810 4383 p.
823 4313 884 4368 750.
