3000 5040
435 487 484 536 DE
506 483 774 536 INSTRUCTIONE
799 484 1014 536 Pmnclrum.
1185 471 1245 531 lll

189 637 295 701 Circic
310 637 440 701 demum
453 637 563 713 flante,
579 632 826 719 transnavigatO,
840 635 1072 698 Normanniam
1087 644 1248 697 transcur-

80 746 82 749 ’
189 763 262 803 rens
291 750 324 802 et
352 739 613 814 Ceuomanniam,
640 758 752 800 versus
783 735 1144 820 Castellum-Radulphi
1173 757 1246 798 cum

188 842 334 905 exercitu
349 841 462 925 grandi
477 841 721 924 deproperavit3
739 840 796 902 ubi
812 850 845 903 et
867 840 954 902 filius
970 839 1116 923 ejusdem
1133 837 1248 901 Comes

191 942 397 1018 Pictavensis,
428 965 447 1005 a
475 941 625 1004 Tholosae
655 941 801 1026 partibus
824 943 892 1025 jam
919 962 1074 1017 reversus,
1103 962 1137 1002 se
1165 939 1250 1002 infra

190 1043 351 1106 modicum
365 1055 493 1127 tempus
508 1043 611 1106 valida
634 1066 707 1105 cum
730 1065 829 1105 manu
849 1042 935 1127 patri
957 1042 1118 1126 adjunxit.
1164 1040 1249 1104 Cum

190 1145 289 1228 igitur
305 1167 380 1227 erga
395 1145 591 1208 Francorum
607 1144 743 1226 Regem,
768 1144 825 1226 qui
849 1144 889 1206 ad
914 1143 1080 1206 castellum
1095 1165 1160 1205 non
1183 1142 1249 1226 pri·

190 1258 281 1310 vatus
304 1254 487 1322 accesserat,
504 1244 606 1307 multa
620 1266 678 1327 per
700 1244 927 1319 internuntios,
938 1265 1025 1306 more
1042 1243 1147 1319 solito,
1171 1244 1249 1307 Rex

191 1341 373 1430 Anglorum
399 1367 480 1408 vano
506 1345 616 1407 labore
647 1354 914 1427 praetemptasset,
945 1345 1076 1406 tandem
1106 1367 1179 1407 oum
1208 1345 1249 1407 ad

192 1448 391 1531 colloquium
413 1447 465 1508 die
488 1456 609 1508 statuto
632 1445 877 1520 convenissent,¹
891 1453 965 1528 post
979 1445 1096 1507 multas
1118 1445 1249 1508 alterca-

194 1549 297 1612 tiones
311 1569 423 1631 pacem
447 1557 481 1609 et
505 1545 707 1609 concordiam
728 1567 793 1608 non
816 1545 1008 1622 redolentes,
1026 1545 1155 1609 tandem
1176 1545 1250 1608 Pic-

193 1649 372 1712 tavensium
389 1647 513 1724 Comes
530 1647 681 1729 quoniam
696 1647 869 1709 fidelitates
882 1669 1063 1730 procerum,
1087 1647 1173 1710 sicut
1192 1668 1251 1710 nec

194 1750 272 1812 olim
286 1771 393 1832 neque
407 1771 504 1824 nunc,
520 1748 571 1810 vel
585 1771 604 1810 a
623 1758 714 1831 patre
736 1757 865 1830 poterat
887 1747 1174 1831 supplicationibus
1192 1748 1251 1810 im-

194 1862 331 1935 petrare,
348 1859 533 1934 suspectum
555 1849 676 1912 habens
698 1849 739 1911 ob
754 1849 815 1910 hoc
829 1848 936 1931 ipsum
951 1859 984 1912 et
1000 1850 1069 1932 ejus
1084 1849 1250 1925 malitiam,

194 1975 268 2036 quae
285 1973 409 2036 semper
423 1950 568 2014 invidens
586 1949 770 2026 successori,
784 1949 968 2012 haeredibus
990 1949 1145 2034 injuriose
1167 1972 1252 2034 prae-

192 2054 276 2117 ferre
291 2062 370 2115 natu
384 2052 523 2116 minores
537 2051 714 2128 nitebatur,
728 2052 769 2114 ad
783 2051 980 2114 Francorum
996 2050 1123 2136 Regem
1145 2074 1251 2114 coram
1275 2057 1279 2064 '

195 2155 295 2217 oculis
317 2153 417 2238 patris
439 2153 525 2216 illico
542 2176 574 2216 se
590 2153 795 2229 transferens,
812 2153 850 2215 de
873 2153 967 2215 terris
981 2154 1133 2216 omnibus
1149 2164 1252 2216 trans-

194 2255 334 2331 marinis
348 2277 423 2337 quae
436 2255 543 2338 ipsum
553 2253 758 2317 haereditario
764 2254 838 2336 jure
850 2253 1089 2335 contingebant,
1101 2254 1130 2315 ei
1140 2254 1252 2316 incon-

194 2355 311 2418 tinenti
324 2355 503 2417 hominium
517 2354 607 2417 fecit.
652 2353 699 2416 Et
712 2363 831 2437 praeter
845 2353 906 2415 hoc
922 2353 1017 2415 etiam
1041 2374 1115 2415 cum
1128 2355 1251 2417 mutuis

195 2465 463 2517 sacramentorum
485 2453 620 2517 vinculis
641 2453 763 2516 ibidem
784 2452 981 2516 confederati
1002 2453 1150 2531 fuissent,
1173 2454 1250 2519 Rex

197 2555 316 2619 Comiti
336 2555 495 2616 auxilium
512 2576 610 2638 super
629 2553 855 2636 conquirendis
877 2564 988 2617 contra
1010 2563 1134 2638 patrem
1157 2557 1251 2619 terris

194 2657 259 2718 illis
270 2655 488 2718 transmarinis
501 2655 627 2739 pepigit
640 2654 810 2738 sponsione
824 2679 832 2731 ;
845 2655 931 2716 unde
946 2654 1155 2718 inexorabilis
1170 2667 1248 2720 tunc

195 2769 266 2821 orta
281 2767 330 2820 est
345 2757 511 2834 discordia,
526 2766 637 2820 ettam
651 2755 862 2840 implacabilis
885 2765 973 2818 mota
995 2755 1158 2834 dissensio,
1173 2780 1249 2841 quae

194 2860 403 2943 patriusque
428 2858 469 2920 ad
488 2868 671 2922 extremum
696 2857 781 2920 diem
807 2856 994 2919 confusione
1022 2855 1156 2941 plenum
1184 2881 1250 2922 non

196 2955 342 3007 cessaret.

239 3045 357 3107 Nonne
379 3043 480 3128 igitur
501 3043 584 3106 illud
606 3043 788 3107 Ezechielis
810 3044 850 3107 ad
876 3052 1026 3108 montem
1043 3004 1115 3107 Seir
1136 3067 1155 3107 a
1177 3045 1250 3109 Deo

196 3147 301 3209 desert
288 3155 368 3222 tum,
392 3144 546 3229 quoniam
574 3154 608 3207 et
633 3155 706 3208 ante
731 3144 839 3208 Deum
865 3132 1058 3222 deseruerat,
1083 3146 1158 3210 huic
1185 3169 1250 3210 non

194 3248 368 3330 incongrue
383 3246 527 3330 adaptari
540 3249 673 3331 potest?
716 3245 898 3309 Extendens
907 3269 1029 3309 monum
1044 3269 1142 3310 meam
1155 3270 1251 3332 super

197 3348 369 3425 laertiade
385 3357 414 3410 te
429 3348 598 3410 desolatam
614 3356 708 3431 atque
732 3347 894 3412 desertum.
947 3347 1043 3410 Urbes
1065 3359 1135 3412 tues
1150 3350 1251 3412 demo·

196 3451 269 3526 lior,
287 3458 318 3511 et
333 3459 366 3512 to
389 3449 527 3511 derectus
542 3450 615 3525 eris,
634 3457 665 3510 et
685 3451 764 3511 scier
779 3450 861 3532 qood
875 3458 929 3533 epo
942 3433 1106 3527 Dominus,
1122 3473 1156 3513 eo
1171 3451 1252 3534 quod

188 3553 294 3633 saeris
307 3553 450 3613 inimicus
463 3551 677 3632 sempiternos.
723 3551 878 3634 Sanquim'
894 3551 1019 3614 tradem
1027 3561 1070 3629 te,
1083 3561 1114 3615 et
1123 3555 1251 3637 sanquis

198 3662 228 3714 te
237 3659 454 3734 persequetur,
470 3659 501 3714 et
515 3673 583 3713 com
594 3653 774 3734 sanguinem
783 3653 895 3731 oderis,
910 3656 1037 3738 rorrquir
1045 3663 1252 3738 persequetur

199 3762 239 3815 te.

241 3853 326 3916 Ecce
348 3834 495 3936 'qualiter
529 3853 722 3938 obsequium
752 3855 853 3918 crucis
884 3858 1022 3940 peccatis
1060 3857 1251 3941 urgentibus

199 3957 389 4019 evacuatur!
420 3954 506 4019 Ecce
529 3956 799 4040 quemadmodum
820 3956 958 4041 signatio
977 3959 1159 4042 principum
1185 3969 1252 4022 tam

198 4058 335 4121 solennis
360 4057 464 4121 inanis
485 4058 624 4121 efficitur
649 4068 684 4122 et
699 4059 916 4142 opprobriosa,
932 4060 1009 4122 dum
1024 4060 1106 4122 tanti
1120 4070 1251 4144 tamque

233 4225 425 4296 ¹Colloquium
446 4225 561 4296 intellige
577 4224 610 4279 ed
629 4226 699 4278 Bon·
724 4242 855 4347 qmense
862 4224 1014 4294 Novembri,
1044 4225 1071 4277 in
1098 4227 1194 4280 octavis
1224 4227 1250 4280 S.

196 4295 322 4348 molinum
342 4295 537 4365 (Bonmoulins)
526 4295 600 4365 )an
621 4299 697 4361 1188,
749 4293 995 4348 Martrmhab1tum
1032 4295 1115 4365 Bouq.
