3000 5040
269 473 311 535 94
580 485 762 537 smarnos
786 486 1014 537 onnnnnnms

268 636 388 720 majore
411 657 445 699 se
460 637 583 700 cunctis
605 637 736 702 interim
752 638 874 701 viribus
898 639 1014 703 acriter
1029 651 1063 704 et
1081 639 1232 704 audacter
1251 662 1326 702 con-

268 738 366 801 vertit
379 739 420 802 ad
434 740 687 822 expugnandum
703 753 736 804 et
752 741 982 804 ulciscendum.
1029 741 1154 805 Audita
1173 743 1326 806 nimirum

269 839 304 902 in
328 840 440 924 primis
461 841 656 905 Patriarchae
676 842 718 905 ad
737 842 885 906 occiduas
907 852 1015 927 partes
1038 843 1209 927 legatione,
1225 845 1325 908 totius

268 951 335 1006 tam
348 943 461 1027 populi
477 966 574 1028 quam
590 943 666 1008 cleri
685 944 818 1008 consilio
833 945 953 1029 pariter
970 956 1003 1008 et
1018 946 1175 1008 desiderio
1189 946 1325 1029 provisa,

268 1053 306 1106 ut
321 1056 389 1108 erat
401 1045 450 1108 vir
464 1046 615 1130 providus
630 1055 664 1109 et
676 1046 817 1131 prudens
832 1046 867 1108 in
881 1056 977 1129 gente
992 1068 1061 1122 sua,
1078 1056 1167 1110 tanta
1180 1047 1326 1110 reformi-

267 1145 345 1208 dans
362 1142 613 1210 Christianitatis
636 1147 770 1224 auxilia,
787 1156 820 1209 et
842 1147 1006 1231 praecipue
1022 1146 1203 1231 Anglorum
1225 1148 1326 1231 Regis

267 1248 451 1324 adventum,
473 1269 572 1332 quem
600 1248 680 1311 adeo
702 1247 940 1311 formidabilem
965 1249 1117 1332 gentibus
1144 1249 1220 1312 olim
1245 1249 1325 1312 falso

267 1348 353 1412 fama
373 1348 570 1426 confixerat3
593 1357 661 1411 tam
682 1348 855 1412 imminens
878 1349 940 1412 sibi
963 1350 1125 1434 servisque
1144 1350 1325 1434 periculum

268 1459 361 1513 caute
383 1451 424 1513 ad
448 1472 590 1534 praesens
613 1449 771 1514 declinare
793 1451 976 1535 disponens,
1000 1452 1144 1536 plurium
1167 1475 1324 1515 annorum

268 1562 397 1637 treugas
422 1574 496 1615 cum
522 1552 696 1615 stabilitate
719 1551 901 1630 firmandas,
922 1552 1112 1637 priusquam
1139 1553 1325 1616 Patriarcha

267 1653 331 1717 iter
345 1654 491 1738 arripuit,
507 1654 634 1717 nunciis
648 1653 743 1717 variis
757 1653 863 1737 petiit,
880 1654 935 1716 sed
950 1654 1096 1718 obtinere
1116 1677 1182 1718 non
1204 1657 1323 1739 potuit.

268 1753 348 1819 Fuit
361 1757 482 1840 quippe
498 1765 587 1819 tanta
603 1754 902 1839 supervenientium
917 1776 1032 1817 canum
1046 1756 1233 1833 multitude,
1250 1780 1325 1840 quae

267 1879 401 1920 numero
416 1857 523 1920 claudi
537 1879 597 1919 nec
611 1855 736 1918 ratione
750 1855 891 1919 humana
904 1856 1027 1938 poterit
1038 1857 1199 1922 aestimari.
1246 1859 1326 1922 Pro·

265 1958 340 2021 inde
355 1968 455 2022 tantae
478 1956 682 2020 multitudini
705 1965 819 2020 ettam
841 1955 979 2019 infinitae
995 1957 1122 2020 tantilla
1142 1967 1325 2022 nostrorum

263 2059 408 2144 paucitas
427 2059 575 2123 resistere
597 2081 662 2122 non
684 2058 876 2143 praevalmt;
899 2058 1079 2142 praesertim
1094 2081 1168 2122 cum
1186 2061 1325 2123 offensus

225 2153 239 2179 ⁸
264 2161 365 2225 fuerit
379 2161 541 2225 Dominus
563 2160 685 2245 populo
706 2183 776 2238 suo,
791 2160 827 2222 in
850 2159 952 2244 Cujus
970 2160 1034 2223 fide
1057 2170 1091 2223 et
1104 2161 1224 2224 virtute
1246 2185 1326 2226 anns

263 2266 372 2349 ntique
393 2263 638 2348 persequebatur
652 2262 758 2336 nilla·
781 2269 812 2324 et
829 2261 888 2324 dno
901 2262 1063 2344 fugabant
1083 2262 1186 2324 decem
1211 2264 1324 2342 millia,

263 2375 325 2429 etc.
1072 2378 1074 2385 '

308 2467 453 2552 Ideoque
475 2467 509 2530 in
531 2466 587 2530 illa
600 2465 800 2529 lamentabili
815 2475 920 2548 strage
936 2475 969 2538 et
990 2465 1212 2529 inconsolabili
1232 2467 1325 2552 plaga

264 2593 362 2654 quam
383 2569 418 2633 in
434 2578 520 2633 terra
540 2567 759 2653 promissionis
782 2567 871 2630 furor
889 2567 1025 2630 Domini
1043 2589 1148 2652 nuper
1168 2569 1323 2646 exercuit,

263 2673 358 2737 multi
380 2671 481 2736 sancti
497 2681 530 2734 et
546 2670 643 2734 multi
664 2670 756 2754 impii
776 2669 1003 2733 miserabiliter
1024 2669 1059 2732 in
1075 2691 1129 2733 ore
1143 2670 1241 2753 gladii
1255 2693 1324 2734 cor-

263 2785 412 2852 ruerunt3
439 2783 478 2838 ut
494 2773 529 2836 in
550 2772 608 2835 illa
621 2771 814 2836 contritione
829 2770 972 2855 generali
987 2792 1086 2854 grana
1100 2782 1325 2854 separarentur

263 2898 283 2939 a
307 2875 418 2960 paleis,
440 2885 480 2938 ut
494 2895 568 2937 vasa
592 2871 779 2956 ignominiae
803 2881 1040 2954 quassarentur,
1064 2882 1162 2956 atque
1185 2873 1220 2935 in
1242 2873 1324 2937 vasis

262 2977 375 3060 gratiae
390 2998 481 3038 suam
496 2973 657 3038 Dominus
669 2972 918 3036 misericordiam
932 2973 1097 3036 revelaret.
1141 2973 1226 3036 Nam
1241 2972 1324 3036 sicut

263 3076 427 3161 apostolus
446 3075 510 3139 ait:
539 3073 650 3138 Volens
670 3076 759 3137 Dens
782 3072 941 3136 ostendere
961 3074 1043 3135 iram
1064 3095 1153 3136 snam
1172 3083 1203 3137 et
1220 3082 1324 3136 notans

256 3181 370 3262 facere
387 3178 564 3262 potentian
585 3197 685 3253 snam,
710 3175 860 3238 sustinuit
885 3175 920 3236 in
944 3174 1043 3238 nette
1062 3175 1225 3259 patientia
1248 3196 1325 3238 cosa

264 3288 342 3364 apta
363 3281 418 3342 ine
441 3278 475 3340 in
495 3278 667 3353 interitum,
683 3283 719 3337 nt
736 3275 908 3338 ostenderet
935 3275 1065 3339 divitias
1086 3277 1195 3360 plodite
1214 3279 1324 3340 suein

263 3382 347 3445 nnsis
379 3379 608 3455 misericordie,
634 3399 700 3462 qne
724 3379 923 3461 preparavit
955 3379 989 3439 a'n
1020 3376 1126 3461 plocio
1155 3399 1223 3456 sno,
1251 3400 1325 3463 qnos

263 3492 295 3546 et
308 3485 440 3547 vocavit.
486 3480 649 3544 Percussit
666 3480 776 3564 itaque
799 3478 895 3541 simul
913 3480 1041 3564 justum
1062 3490 1096 3544 et
1117 3479 1265 3565 impium,
1286 3490 1324 3544 ut

263 3585 400 3649 alterum
427 3591 638 3659 consumeret,
665 3581 803 3644 alterum
828 3602 903 3644 vero
930 3592 1174 3646 consummaret.
1231 3582 1323 3644 Mors

264 3688 344 3750 enin
374 3694 577 3770 peccatorum
610 3683 759 3768 pessime,
789 3684 933 3767 pretioso
967 3692 1069 3746 auten
1095 3684 1130 3745 in
1158 3692 1323 3767 conpectu

262 3790 395 3852 Domini
416 3809 497 3852 nors
516 3794 694 3850 sanctornm
708 3785 800 3868 Ejus.

304 3891 401 3954 Patet
423 3891 524 3974 igitur
543 3910 587 3951 ex
601 3886 784 3970 praemissis,
801 3896 839 3950 ut
861 3887 902 3950 ad
922 3886 1089 3949 historiam
1110 3896 1317 3963 revertamur,

262 4003 394 4079 propter
419 3992 530 4054 inanes
554 3988 735 4072 Anglorum
759 3987 861 4072 Regis
886 3987 1122 4073 promissiones,
1148 3997 1182 4051 et
1210 4009 1322 4070 graves

261 4095 398 4158 aliorum
416 4091 609 4178 principum,
626 4091 848 4175 quiapropter
867 4091 974 4175 ipsum
987 4089 1154 4174 praecipue
1177 4088 1218 4151 ad
1232 4098 1322 4152 tanta

260 4195 404 4260 subsidia
423 4195 554 4257 missum
571 4193 689 4271 fuerat,
704 4192 955 4275 indignationes,
971 4191 1055 4256 mala
1076 4190 1234 4279 praedicta
1247 4213 1323 4254 con·

260 4298 380 4382 tigisse.
424 4296 486 4362 Vae
501 4296 601 4380 igitur
614 4295 738 4358 homini
760 4315 818 4377 per
835 4294 929 4377 cujus
951 4293 1110 4376 ignaviam
1128 4303 1214 4356 terra
1233 4314 1322 4356 sacra
