3000 5040
490 490 538 539 nn
564 487 829 538 msrnuorroun
856 488 1069 541 ruruorruu.
1239 479 1302 543 163

248 641 289 704 ad
324 641 386 704 hoc
414 641 536 725 duplex
562 640 657 724 plaga
685 639 807 717 referri,
837 641 925 723 quod
960 641 1081 726 duplici
1119 644 1300 709 discrimine

246 744 335 826 gravi
357 765 422 806 non
443 743 538 826 longe
566 752 653 826 post,
673 752 738 805 tam
762 740 866 825 Regis
880 743 1052 807 exercitus
1079 766 1176 828 quam
1198 746 1299 810 Fran-

246 866 366 921 corum,
405 844 548 908 caedibus
587 854 621 906 et
656 843 812 906 incendiis
848 853 948 926 atque
989 845 1121 928 rapinis,
1164 868 1299 930 regnum

246 947 487 1009 destruxerunt.
544 945 691 1028 Dignum
721 945 775 1008 hic
813 945 910 1007 etiam
946 945 981 1008 id
1015 956 1131 1010 notatu
1159 947 1297 1028 videtur,

246 1049 333 1131 quod
353 1047 432 1131 quia
453 1048 589 1111 barones
604 1047 736 1130 Angliae
759 1046 877 1122 miseri,
902 1047 1026 1110 dictum
1050 1047 1176 1132 Regem
1201 1073 1300 1133 seque

244 1170 383 1234 suosque
405 1150 487 1214 male
509 1159 685 1232 regentem,
701 1158 735 1212 et
758 1148 799 1211 ob
814 1147 876 1211 hoc
897 1149 931 1210 in
948 1148 1068 1211 Christi
1083 1172 1231 1234 sponmm
1252 1174 1302 1215 ec-

244 1251 438 1336 clesiamque
462 1261 603 1314 sanctam
636 1261 700 1314 tam
727 1250 879 1312 atrociter
901 1250 1123 1328 insanientem,
1150 1252 1186 1315 in
1210 1254 1300 1317 nullo

242 1353 352 1416 matris
373 1375 441 1416 suae
462 1352 601 1415 miseriae
620 1352 672 1415 vel
690 1351 813 1414 miserti
841 1351 893 1413 vel
918 1353 1084 1435 compassi,
1101 1375 1301 1438 compescere

241 1455 377 1517 'viriliter
391 1453 571 1517 resistendo
585 1454 748 1529 nolebant,
764 1452 831 1515 dati
848 1463 926 1516 sunt
940 1453 1044 1516 eidem
1067 1465 1101 1517 et
1119 1455 1181 1538 ipsi
1202 1457 1299 1540 paulo

240 1565 324 1640 post,
340 1555 465 1619 ultione
478 1578 537 1640 per
552 1566 722 1619 extraneos
743 1554 860 1632 divina,
876 1555 911 1617 in
926 1554 1127 1618 exitiabilem
1140 1567 1175 1619 et
1190 1568 1299 1620 exter-

240 1657 426 1720 minabilem
440 1657 519 1733 fere,
539 1657 602 1720 nisi
621 1657 781 1721 maturius
804 1657 981 1720 remedium
1000 1678 1020 1719 a
1039 1658 1170 1721 Francis
1185 1658 1297 1722 datum

240 1758 364 1835 fuisset,
384 1758 644 1822 destructionem.
686 1757 783 1822 Unde
804 1768 837 1821 et
857 1758 963 1820 omine
977 1757 1130 1836 infausto,
1146 1760 1235 1843 quod
1248 1761 1296 1822 in-

240 1859 367 1924 terdicti
382 1871 526 1944 ternpore
546 1871 581 1923 et
601 1859 835 1944 persecutionis
856 1859 1011 1937 ecclesiae,
1028 1861 1156 1943 quando
1179 1883 1296 1946 papam

237 1962 424 2045 curiamque
439 1962 619 2026 Romanam
634 1972 735 2025 totam
757 1961 797 2024 ad
823 1971 995 2046 tyrannum
1015 1962 1296 2028 exterminandum

236 2063 442 2126 favorabilem
465 2063 584 2127 babere
605 2072 778 2147 potuerant
804 2071 838 2125 et
858 2061 1043 2146 propitiam,
1066 2065 1204 2146 aggressi
1229 2086 1294 2128 non

237 2175 338 2241 erant,
354 2164 426 2248 ipso
439 2165 645 2249 postmodum
668 2187 762 2248 papae
785 2164 1001 2240 reconciliato,
1017 2173 1053 2227 et
1064 2165 1199 2228 vassallo
1213 2189 1294 2249 quo-

236 2287 299 2348 que
315 2265 458 2328 ecclesiae
481 2265 650 2343 Romanae,
666 2287 761 2328 causa
780 2265 893 2350 procul
915 2265 1015 2328 dubio
1034 2275 1150 2342 metus,
1166 2266 1292 2343 effecto,

235 2367 370 2430 discrete
393 2367 510 2443 minus,
535 2368 612 2452 quia
633 2367 729 2450 longe
752 2366 915 2430 difficilius
937 2376 971 2429 et
992 2366 1214 2450 periculosius,
1237 2389 1291 2450 ag·

233 2468 333 2550 gressi
355 2468 498 2531 fuerunt.
544 2469 609 2532 Sed
638 2468 709 2531 haec
730 2467 903 2544 hactenus;
938 2476 972 2530 et
997 2488 1056 2528 nos
1080 2468 1121 2531 ad
1146 2467 1291 2531 materiae

233 2569 347 2633 seriem
362 2580 569 2634 revertamur.

633 2773 713 2836 Car.
738 2771 881 2837 XXIX.

241 2916 293 2977 De
308 2916 475 2978 visionibus
490 2917 588 2978 variis
603 2916 682 2978 dicti
695 2916 795 2999 Regiis
813 2912 950 2976 Henrict'
966 2913 1084 2997 [cocum
1093 2919 1274 2998 prenunci-

685 3013 834 3099 antibus}

270 3168 443 3233 Vrsinuss·
461 3189 591 3252 quoque
620 3167 703 3231 tanti
733 3188 828 3230 casus
848 3165 987 3251 praevias
1007 3176 1041 3230 et
1068 3169 1438 3268 praenuntias,·};re⁸g⁸⁰ffi

226 3291 341 3352 parum
361 3279 436 3334 ante
459 3257 584 3334 obitum
606 3270 751 3352 ejusdem
772 3268 867 3333 multi
881 3268 1040 3333 viderunt.
1086 3267 1177 3335 Inter
1199 3294 1281 3354 quos
1291 3241 1390 3317 futile*-

226 3371 348 3433 etmihi
361 3381 436 3433 tunc
448 3371 568 3434 curiam
580 3370 730 3454 sequenti
741 3369 844 3432 visum
856 3379 916 3446 est,
929 3390 1060 3453 corpore
1069 3368 1171 3453 Regis
1187 3374 1284 3454 quasi·

225 3481 303 3534 tunc
330 3471 451 3534 mortui
473 3472 508 3534 in
534 3471 678 3534 ecclesiae
702 3470 869 3554 cujusdam
891 3469 973 3535 alam
1000 3471 1159 3534 sinistram
1182 3485 1277 3538 nocte

225 3572 342 3646 delato,
366 3571 482 3633 subito
512 3593 678 3634 corvorum
707 3570 934 3653 cornicumque
965 3580 998 3633 et
1032 3572 1282 3636 monedularurn

222 3672 343 3750 volatu,
359 3672 416 3754 qui
432 3672 522 3755 quasi
538 3693 580 3735 ex
598 3683 687 3734 tanta
707 3669 949 3734 luminariorum
962 3671 1053 3756 copia
1077 3674 1240 3756 perterriti
1258 3699 1277 3738 a
1368 3671 1371 3675 ⁴

222 3774 433 3858 receptaculis
455 3773 521 3837 suis
541 3773 731 3850 exiliissent,
748 3772 910 3856 lampades
931 3796 1042 3837 omnes
1063 3773 1097 3836 in
1119 3774 1185 3837 alto
1198 3792 1277 3859 pen·

221 3875 333 3938 dentes
355 3876 462 3939 subito
479 3867 697 3952 extinctas&
711 3873 886 3937 confractas
908 3874 942 3937 in
967 3876 1186 3960 pavimentum
1208 3901 1277 3941 cor·

220 3978 321 4042 ruisse
335 4005 346 4056 ς
360 3979 443 4042 cerei
458 4001 597 4062 quoque,
613 3997 751 4061 quorum
765 3976 829 4039 duo
844 3976 884 4038 ad
898 3977 996 4060 pedes
1010 3978 1149 4053 stabant,
1165 3978 1275 4041 avibus

220 4079 339 4142 eisdem
367 4081 592 4164 dejicientibus
620 4078 757 4143 extincti
790 4088 875 4141 suut.
932 4078 1009 4142 Duo
1037 4092 1114 4141 vero
1143 4079 1200 4162 qui
1235 4081 1275 4143 ad

219 4191 317 4262 caput
336 4180 434 4242 erecti
453 4181 593 4258 fucrant,
617 4180 806 4264 priusquam
831 4202 850 4241 a
872 4179 1153 4244 circumstantibus
1172 4181 1275 4244 teneri

219 4292 361 4366 possent,
383 4305 442 4366 per
465 4305 498 4346 se
520 4282 556 4344 iu
580 4295 697 4346 terram
723 4305 742 4344 a
767 4281 966 4345 candelabris·
989 4283 1098 4366 elapsi,
1121 4281 1275 4346 confracti

1113 4399 1133 4432 u
1151 4385 1167 4432 2
