3000 5040
182 489 298 583 affl]
422 511 472 564 or
497 509 762 565 rusrauorrour
787 512 1002 563 aarucrrun.
1172 496 1234 559 185

183 673 296 741 tracta,
326 671 431 727 totum
460 662 547 729 infici
578 672 611 726 et
640 663 765 728 modico
797 661 888 745 quasi
916 662 1075 725 fermento
1104 678 1238 725 massam

183 765 359 849 corrumpi,
385 786 575 848 semperque
599 764 633 827 in
663 764 837 827 elationem
858 763 985 840 extolli,
1009 785 1088 846 gens
1109 763 1239 827 inimica

184 867 353 951 conjectat.
400 864 496 935 Unde
521 875 554 928 et
574 865 725 948 quoniam
748 864 833 930 inter
856 864 982 948 Anglos
1004 864 1056 947 (ut
1084 866 1239 948 diximus)

184 978 294 1035 nostra
317 977 383 1030 tam
410 989 535 1029 morum
563 966 726 1030 institutio
753 966 870 1043 fuerat,
901 989 998 1050 quam
1021 968 1239 1046 conversati03

183 1070 219 1133 in
235 1055 384 1139 Cambria
398 1090 472 1131 vero
487 1067 575 1131 natio
590 1076 719 1151 reperta
733 1078 782 1131 est
797 1077 831 1132 et
852 1068 998 1151 cognatio
1015 1093 1023 1144 3
1040 1079 1241 1153 compactum

186 1179 235 1235 est
244 1192 287 1234 ex
295 1170 346 1233 his
359 1168 593 1232 etconfectum.
606 1178 645 1230 ut
654 1178 792 1252 uterque
802 1169 943 1253 populus
951 1190 1002 1231 me
1012 1169 1073 1232 sibi
1088 1177 1242 1252 tanquam

184 1272 328 1336 alienum
351 1280 513 1354 reputans,
530 1280 564 1333 et
583 1292 648 1333 non
673 1292 779 1348 suum,
802 1293 927 1355 semper
947 1270 1041 1334 oculo
1062 1271 1243 1355 respexerit

185 1395 301 1438 novere
320 1372 356 1438 li.
416 1370 513 1436 Alter
543 1372 584 1435 ob
616 1371 677 1435 hoc
715 1381 901 1456 suspectum
938 1371 1069 1448 habens,
1088 1383 1134 1448 ‚et
1161 1372 1243 1436 alter

187 1497 334 1539 exosum.
808 1527 810 1531 >
978 1538 980 1542 ,

230 1575 378 1640 Accessit
393 1586 427 1640 et
441 1577 530 1641 aliud
543 1577 629 1640 inter
642 1576 853 1652 incommoda,
870 1577 958 1660 quod
972 1577 999 1641 si
1022 1576 1102 1661 quid
1116 1575 1242 1640 anobis

189 1679 317 1763 egregie
340 1679 464 1742 dictum
477 1679 528 1744 vel
549 1688 676 1763 gestum
689 1678 800 1754 fuerit,
816 1678 925 1742 statim
940 1680 1047 1763 quoad
1061 1678 1164 1756 licuit,
1184 1687 1242 1743 aut

187 1778 270 1863 illud
284 1779 406 1843 invidia
420 1780 608 1864 suppressit,
631 1791 688 1844 aut
709 1779 832 1845 malitia
852 1781 1064 1864 pervertendo
1086 1779 1241 1864 corrupit,

185 1866 221 1961 in
234 1881 420 1966 hujusmodi
434 1881 533 1945 verba
545 1880 737 1966 plerumque
751 1903 962 1966 prorumpens
976 1906 985 1948 r
1009 1880 1078 1945 “A
1093 1880 1242 1945 Cambria

184 1992 333 2066 potestne
347 1981 471 2066 aliquid
484 1982 563 2046 boni
579 2004 646 2045 esse
656 1981 689 2043 2⁹⁵
749 1981 808 2045 Sin
822 1994 930 2049 autem
943 1982 1107 2065 (humanis
1121 1992 1160 2047 ut
1173 2003 1242 2049 mos

185 2095 234 2148 est
248 2084 447 2167 excessibus)
470 2094 528 2147 aut
546 2106 604 2169 pes
618 2106 637 2146 a
651 2083 737 2147 linea
759 2085 954 2168 quandoque
976 2085 1129 2163 titubare,
1153 2096 1243 2150 anta

184 2184 293 2248 littera
306 2185 358 2248 vel
372 2184 494 2269 syllaba
515 2185 627 2248 cadere
647 2184 757 2268 lingua
778 2185 957 2263 videbatur,
976 2187 1011 2249 in
1033 2187 1146 2250 mediis
1161 2209 1240 2270 quo·

184 2308 248 2370 que
278 2295 312 2349 et
343 2285 611 2363 indifferentibus,
641 2306 700 2348 nec
725 2285 821 2348 laude
848 2285 953 2370 dignis
980 2309 1039 2350 nec
1067 2287 1239 2371 vituperio,

184 2386 294 2450 statim
315 2386 442 2451 hostilis
464 2384 568 2450 irrisio
591 2409 664 2450 cum
686 2385 919 2450 exclamatione
944 2387 1102 2451 Cambriae
1124 2389 1240 2452 vitium

186 2489 404 2574 exprobravit,
427 2499 582 2574 tanquam
602 2488 719 2573 patriae
739 2499 876 2572 'cognata
896 2489 998 2552 fuerit
1013 2489 1184 2553 enormitas
1207 2500 1241 2552 et

185 2591 306 2654 innata.
453 2664 456 2669 ,
929 2650 931 2655 .

229 2691 316 2754 Mihi
330 2713 406 2754 vero
428 2687 532 2756 visum
553 2702 651 2755 estet
671 2691 854 2756 indubitata
875 2688 1010 2756 veritate
1030 2704 1240 2777 compertmn,

186 2793 274 2877 quod
302 2793 387 2865 sicut
413 2793 586 2858 nonnullos
614 2793 705 2876 regio
733 2794 910 2878 composita
938 2794 1037 2857 malos
1065 2795 1180 2857 educat
1207 2804 1241 2858 et

184 2894 424 2978 incompositos,
448 2895 492 2959 sic
511 2894 651 2978 aliquem
673 2894 835 2959 interdum
857 2896 946 2979 regio
965 2896 1100 2959 barbara
1120 2897 1242 2960 bonum

185 2997 362 3080 producere
377 2998 479 3081 possit
501 3007 535 3061 et
556 2997 730 3061 eruditum.
776 2997 865 3063 Quia
886 3020 950 3060 non
971 3007 1036 3060 tam
1057 2997 1147 3062 locus
1168 3020 1242 3083 per·

186 3118 307 3176 sonam,
324 3119 420 3181 quam
434 3121 570 3184 persona
584 3098 754 3163 laudabilis
768 3099 875 3162 locum
890 3098 1041 3164 illustrat.

683 3435 751 3499 ΙΙΙ.

359 3585 619 3650 EXCERPTA
640 3585 710 3648 EX
733 3584 879 3649 LIBRO
903 3582 1066 3649 PRIMO.

528 3736 581 3799 De
591 3735 917 3820 princr'pa'sjcsta'tia.¹

230 3885 461 3952 Lrunnrrurn
485 3885 519 3948 in
538 3885 735 3950 Francorum
756 3907 856 3968 regno
874 3884 1012 3948 vidimus
1034 3887 1240 3949 consuetudi-
1252 3893 1389 3984 ffifflffif

186 4011 270 4067 nem,
286 4000 319 4053 et
333 4012 352 4052 a
365 4011 440 4052 vero
456 3987 651 4051 naturalium
664 3987 847 4072 principum
861 3986 991 4070 pietatis
1005 3987 1095 4051 fonte
1109 4010 1240 4051 manan-
1248 3993 1383 4092 magns

184 4102 262 4154 tem.
285 4090 438 4174 Inprimis
459 4111 598 4173 namque
620 4089 807 4153 facinorosis
822 4088 1040 4172 quorumlibet
1055 4088 1239 4154 excessibus
1252 4094 1337 4133 ΜΘ·

186 4191 261 4275 (nisi
284 4193 383 4256 nimia
407 4192 491 4256 forte
519 4191 643 4256 fuerint
663 4191 830 4255 atrocitate
852 4191 1028 4270 notabiles3
1051 4202 1129 4255 tunc
1153 4192 1238 4255 enim

653 4313 660 4344 ¹
677 4313 708 4384 [f.
722 4313 777 4384 aa]
