3000 5040
261 469 303 530 40
572 479 755 531 GIRALDUS
779 477 1006 530 canannnsls

684 749 764 813 Car.
781 748 887 813 XIII.

263 883 428 947 Revelata‘o
454 884 550 947 mitta·
574 883 611 946 de
642 875 814 947 Isiacobm'oe
831 884 963 966 finibus,
988 882 1112 967 Rogare
1137 873 1257 947 scilicet
1279 883 1317 945 de

660 980 807 1070 Estrebp,
814 987 920 1068 sacto.

97 1137 250 1232 {knew
308 1133 417 1197 Cnrca
438 1134 509 1197 haec
524 1135 635 1198 eadem
658 1146 812 1219 tempora,
833 1135 889 1198 sed
910 1133 1008 1219 paulo
1033 1144 1116 1218 post,
1132 1133 1229 1197 militi
1251 1133 1318 1196 cui-

98 1203 169 1293 fflolil
264 1237 336 1300 dam
349 1237 389 1299 de
404 1235 583 1300 Lincolniae
598 1237 744 1322 partibus
762 1237 815 1300 oui
828 1259 945 1300 nomen
960 1236 1109 1321 Rogerus
1123 1237 1162 1299 de
1177 1236 1318 1318 Estreby

264 1338 416 1401 revelatio
438 1337 523 1400 facta
545 1338 617 1401 talis
637 1337 710 1401 fuit.
767 1337 850 1402 Cum
875 1337 937 1401 iter
956 1336 1121 1420 [faciebat]
1141 1337 1175 1399 in
1194 1357 1317 1419 campo,

264 1439 361 1516 solus,
372 1438 495 1502 audivit
505 1461 615 1502 vocem
629 1441 782 1524 majorem
794 1450 827 1502 et
840 1449 954 1524 postea
962 1438 1128 1514 minorem,
1142 1438 1233 1520 quasi
1245 1460 1319 1500 con·

240 1549 419 1615 ,testantes
441 1539 476 1601 in
495 1539 581 1603 idem
601 1550 634 1602 et
653 1540 795 1604 dicentes
822 1539 850 1602 ei
876 1539 963 1623 quod
989 1539 1053 1602 iret
1073 1537 1257 1602 Londonias
1280 1538 1320 1600 ad

266 1639 552 1724 Archiepiscopum
561 1640 823 1704 Cantuariensem
830 1639 1321 1724 Baldewinum,etRanulphum

267 1742 306 1804 de
329 1740 499 1804 Glanvillis
521 1751 598 1803 tunc
617 1740 748 1824 Angliae
763 1741 994 1816 Justiciarium,
1016 1751 1049 1804 et
1068 1741 1189 1805 diceret
1208 1741 1254 1804 eis
1277 1763 1320 1802 ex

266 1852 357 1925 parte
373 1841 436 1903 Dei
450 1850 489 1904 ut
504 1843 612 1904 statim
627 1833 870 1905 transfretarent
888 1842 930 1904 ad
943 1842 1069 1924 Regem
1085 1841 1264 1904 Henricum
1287 1850 1327 1903 et¹

267 1943 410 2006 dicerent
422 1941 452 2004 ei
467 1941 555 2024 quod
566 1961 624 2005 vn.
634 1943 783 2005 mandata
797 1942 982 2026 compleret,
993 1964 1067 2024 quae
1083 1942 1113 2004 ei
1128 1942 1319 2019 mandabat;

268 2055 302 2108 et
317 2043 343 2107 si
364 2044 425 2106 hoc
439 2042 569 2120 faceret,
585 2043 759 2107 honorifice
776 2066 834 2127 per
849 2044 1053 2128 septennium
1066 2043 1187 2106 viveret
1203 2052 1236 2104 et
1250 2065 1321 2108 cru·

268 2169 337 2210 cem
349 2144 469 2208 Christi
482 2132 521 2208 de
536 2144 674 2209 inimicis
688 2145 790 2229 ipsius
804 2144 1015 2229 perquireret,
1029 2155 1063 2207 et
1073 2144 1172 2208 vitam
1183 2143 1322 2206 feliciter

268 2247 464 2310 terminaret.
509 2247 668 2330 Alioquin
689 2269 755 2310 non
778 2246 864 2310 ultra
879 2256 1017 2329 quatuor
1039 2269 1139 2309 annos
1152 2246 1273 2310 viveret
1288 2256 1322 2308 et

267 2348 477 2433 ignominiose
491 2363 679 2412 moreretur.
724 2348 798 2432 Ipse
813 2369 887 2410 vero
906 2357 1024 2431 putans
1045 2347 1233 2432 phantasma
1254 2370 1322 2410 esse

268 2451 358 2533 signo
374 2450 476 2513 crucis
498 2474 531 2514 se
545 2450 693 2528 munivit,
710 2460 743 2513 et
757 2449 921 2513 diabolum
939 2459 977 2512 ut
998 2451 1039 2512 ab
1061 2449 1131 2533 ipso
1147 2448 1323 2512 discederet

268 2551 435 2635 adjuravit.
481 2551 550 2636 Ipsi
570 2574 645 2616 vero
669 2573 808 2634 quorum
824 2573 917 2615 voces
941 2551 1155 2614 audiebantur
1177 2559 1323 2612 econtra

269 2653 427 2730 dicebant,
443 2676 477 2717 se
493 2676 536 2716 ex
557 2665 648 2737 parte
663 2653 729 2716 Dei
744 2675 831 2730 esse3
855 2663 976 2716 etcum
996 2652 1175 2736 inquireret
1190 2651 1322 2734 quinam

269 2765 385 2832 essent,
408 2754 557 2818 dicebant
580 2755 667 2838 quod
695 2753 811 2818 Petrus
835 2764 868 2818 et
894 2754 1028 2817 Gabriel
1053 2763 1154 2819 erant.
1200 2752 1325 2816 Multo-

270 2856 353 2919 tiens
371 2855 494 2919 audivit
509 2877 562 2918 eos
579 2855 640 2918 hoc
655 2855 741 2918 idem
763 2865 987 2940 protestantes,
1009 2856 1064 2919 sed
1078 2855 1176 2919 fidem
1190 2854 1236 2918 eis
1258 2875 1323 2916 non

270 2957 428 3020 adhibuit.
482 2955 627 3019 Tandem
652 2966 761 3018 autem
783 2978 856 3019 cum
877 2957 946 3039 jam
967 2978 1026 3040 per
1048 2979 1167 3019 annum
1182 2965 1215 3018 et
1231 2954 1324 3018 dimi-

271 3058 360 3120 dium
382 3057 444 3119 hoc
467 3057 620 3133 durasset,
648 3056 699 3119 die
724 3055 812 3120 Jovis
835 3066 910 3120 ante
936 3056 1080 3119 Mediam
1109 3055 1325 3139 Quadragesi·

271 3181 356 3221 mam
383 3158 443 3222 ivit
470 3157 577 3222 videre
607 3178 733 3220 carucas
763 3179 846 3234 suas,
870 3166 903 3220 et
928 3157 1051 3220 audivit
1075 3178 1167 3220 voces
1196 3156 1266 3220 illas
1291 3157 1325 3219 id

271 3260 378 3344 ipsum
389 3260 419 3322 ei
432 3259 648 3344 injungentes.
687 3257 861 3341 Rogabant
871 3267 905 3321 et
917 3258 1167 3342 quodaggerem
1178 3258 1325 3323 fabarum

274 3384 370 3445 quem
396 3346 535 3424 habebat
555 3370 588 3423 et
606 3383 665 3444 pro
692 3379 749 3423 xv.
763 3359 877 3422 marcis
891 3358 1035 3422 venalem
1059 3371 1264 3443 exposuerat,
1280 3359 1326 3422 eis

273 3462 424 3524 venderet
452 3461 712 3547 pauperibusque
741 3459 959 3538 distribueret,
983 3458 1173 3542 (eratenim
1200 3471 1326 3543 tempus

274 3564 407 3648 carum,)
423 3574 456 3628 et
470 3563 533 3648 ipsi
550 3561 580 3625 ei
601 3583 634 3626 x.
651 3583 771 3626 marcas
792 3563 866 3647 plus
881 3562 994 3626 darent
1008 3584 1104 3645 quam
1127 3559 1208 3625 alius
1223 3561 1253 3624 ei
1271 3561 1327 3625 ob-

276 3667 412 3731 tulisset.
456 3665 503 3728 Et
518 3665 615 3728 etiam
635 3663 766 3728 loricam
782 3686 872 3728 suam
887 3685 983 3747 quam
997 3664 1088 3728 valde
1103 3685 1206 3728 caram
1226 3664 1328 3726 habu-

276 3779 344 3833 erat
366 3768 611 3853 impignoratam
634 3767 722 3851 apud
736 3766 846 3830 Aaron
868 3765 1021 3829 Judaeum
1045 3765 1139 3849 eique
1164 3765 1329 3849 perquire·

275 3882 368 3949 rent3
384 3881 417 3934 et
429 3891 526 3952 quam
540 3866 830 3952 indelsecuritatem
845 3866 963 3930 habere
975 3866 1072 3930 vellet
1086 3867 1285 3950 excogitaret
1296 3874 1330 3928 et

276 3972 418 4035 facerent
433 3971 473 4034 ei.
520 3969 595 4054 Ipse
609 3991 683 4032 vero
706 3978 783 4031 tunc
808 3967 948 4052 primum
971 3968 1059 4051 quod
1085 3991 1128 4032 ex
1150 3977 1241 4051 parte
1263 3965 1330 4029 Dei

278 4097 344 4138 esse
366 4081 508 4156 possent,
524 4071 601 4155 quia
615 4069 654 4133 de
676 4069 873 4153 pauperibus
888 4091 964 4132 cura
984 4068 1062 4152 ipsis
1077 4079 1155 4143 erat,
1171 4069 1330 4151 conjecta-

277 4176 342 4237 bat.
387 4173 521 4236 Etcum
537 4192 707 4256 parumper
729 4169 804 4232 inde
819 4169 999 4252 cogitasset,
1014 4169 1101 4232 dixit
1124 4169 1179 4244 eis,
1197 4169 1284 4252 quod
1303 4169 1330 4232 si

277 4298 357 4338 crux
373 4275 521 4358 quaedam
536 4274 569 4336 in
586 4271 730 4336 Ecclesia
750 4271 887 4355 quadam
909 4271 1082 4356 provinciae
1105 4293 1173 4335 suae
1192 4293 1265 4354 quae
1289 4272 1329 4334 ab
