3000 5040
447 544 496 594 Du
521 544 787 595 INSTRUCTIONE
814 546 1027 598 anclrum.
1172 537 1233 606 161

181 689 316 756 Francia
344 707 508 778 regnante,
533 707 567 759 et
588 695 650 758 hoc
675 719 734 780 per
754 696 858 759 filium
887 697 1088 781 primaevum,
1107 714 1146 763 ut
1169 723 1236 766 cre·

179 794 325 872 debatur,
346 807 548 880 procurante,
563 797 723 860 exinaniri
741 799 810 882 jam
832 811 976 882 coeperat
990 810 1023 862 et
1038 823 1232 867 evanescere.

178 893 264 958 Item
291 919 364 961 cum
386 899 435 961 vir
462 899 593 982 quidam
616 898 784 982 religiosus
812 899 852 963 de
878 900 1032 964 fratribus
1054 901 1174 967 eisdem
1201 917 1234 968 et

176 998 345 1078 militibus,
361 1024 536 1085 eorumque
559 1007 739 1087 patre'tam
763 1003 819 1066 diu
842 1003 876 1067 in
899 1003 991 1066 terris
1016 1015 1050 1068 et
1072 1016 1137 1069 tam
1160 1030 1235 1090 pro·¹

177 1124 267 1185 spere
290 1116 455 1187 regnante,
470 1105 618 1168 similiter
632 1105 690 1167 diu
711 1106 883 1189 cogitasset
896 1118 929 1169 et
951 1106 996 1169 sic
1011 1107 1231 1188 obdormisset,

176 1204 344 1269 videbatur
373 1207 403 1268 ei
429 1206 477 1269 vir
506 1206 637 1290 quidam
666 1207 823 1283 assistere,
853 1207 910 1291 qui
948 1218 981 1270 et
1010 1207 1138 1272 dicebat
1172 1212 1231 1288 illi,

175 1310 196 1339 “
207 1306 270 1369 Dic
290 1307 449 1392 psalmum
463 1308 574 1386 istum,
598 1309 636 1372 Sa·
650 1330 721 1371 aere
736 1309 874 1393 atique.”
898 1310 1006 1375 Quem
1021 1332 1095 1373 oum
1111 1312 1232 1375 diceret

175 1429 277 1491 usque
299 1409 340 1472 ad
353 1430 463 1472 versus
484 1410 563 1473 istos
577 1423 641 1474 tres
656 1410 758 1473 dictos
780 1433 854 1474 cum
875 1410 966 1489 aliis3
989 1413 1078 1475 Deus
1093 1422 1231 1476 conteret

175 1509 280 1572 dentes
300 1532 403 1573 eoram
417 1514 451 1574 ia
466 1533 518 1574 ore
541 1513 703 1595 ipsorum·
736 1513 780 1574 ad
801 1512 950 1575 nichilum
975 1513 1137 1575 &venient
1161 1523 1232 1581 taa-

175 1632 269 1693 qaam
284 1634 369 1695 aqua
380 1613 567 1689 decurrerem
581 1615 664 1676 sicut
678 1636 751 1677 cera
772 1636 838 1699 qaoe
850 1615 930 1696 fluit
947 1615 1139 1696 auferentur,
1157 1617 1228 1692 dcc,

174 1712 283 1775 statim
305 1713 462 1798 disparuit
481 1715 547 1779 ille.
594 1715 724 1782 Quibus
750 1728 784 1779 et
804 1716 856 1779 hic
876 1737 984 1778 versus
1007 1726 1160 1799 tanquam
1187 1740 1230 1780 ex

175 1835 270 1878 sensu
300 1817 458 1880 contrario
492 1839 559 1880 non
595 1817 849 1901 incompetenter
885 1816 1018 1900 adjungi
1054 1818 1163 1900 potuit
1195 1831 1229 1882 ct

173 1915 338 1999 adaptari:
367 1919 453 1981 Jaart
482 1927 585 1980 autem
615 1919 832 1981 hereditabant
863 1926 989 1993 terram,
1015 1927 1045 1979 et
1070 1918 1228 1981 inhabita·

173 2017 248 2080 bant
262 2018 297 2081 ia
309 2019 445 2082 seculum
458 2020 556 2083 seculi
569 2042 664 2104 saper
678 2043 756 2085 eom.

218 2119 301 2183 Cum
325 2121 360 2183 in
385 2117 505 2184 curiam
531 2121 685 2186 Lodovici
710 2121 907 2186 Francorum
934 2122 1036 2206 Regis
1065 2121 1232 2191 Henricus

173 2222 332 2285 secundus
356 2245 438 2306 puer
463 2223 621 2286 adductus
643 2223 768 2300 fuisset,
791 2236 825 2288 et
847 2246 990 2308 praesens
1005 2225 1103 2288 abbas
1120 2223 1228 2292 Clare7

172 2323 318 2386 vallensis
346 2324 442 2387 bonae
476 2325 639 2388 memoriae
670 2324 853 2387 Bernardus
884 2336 961 2395 tunc
989 2324 1074 2386 forte
1101 2325 1228 2402 fuisset,

174 2425 325 2507 quaesivit
339 2425 415 2489 Rex
439 2426 520 2510 quid
534 2426 643 2489 abbati
665 2426 705 2489 de
727 2448 830 2510 puero
846 2446 942 2509 quem
958 2434 1048 2487 tanta
1070 2436 1227 2488 terrarum

172 2536 206 2589 et
230 2548 403 2611 regnorum
429 2527 608 2612 amplitudo
630 2528 782 2591 heredem
809 2526 1018 2610 exspectabat
1041 2525 1226 2604 videretur3

170 2628 219 2691 vir
231 2641 358 2694 sanctus
372 2631 407 2694 in
420 2652 558 2714 puerum
573 2629 742 2693 intendens
757 2627 922 2692 oculorum
938 2626 1049 2704 aciem,
1062 2627 1096 2690 in
1111 2639 1228 2691 terram

170 2729 246 2792 inde
285 2731 372 2795 flexo
402 2731 523 2795 lumine
554 2741 632 2795 tunc
660 2731 744 2794 forte
773 2730 939 2813 figentem,
979 2728 1096 2813 spiritu
1136 2729 1228 2811 quasi

169 2832 358 2915 prophetico
386 2832 563 2917 respondit,
610 2832 699 2896 “De
736 2831 863 2894 diabolo
890 2829 989 2907 venit,
1028 2841 1063 2893 et
1091 2830 1132 2892 ad
1160 2830 1228 2893 dia-

169 2932 282 2996 bolum
308 2933 418 3011 ibit;”
443 2944 557 2997 notans
579 2944 644 2998 tam
676 2933 777 3018 patris
800 2932 1003 3017 tyrannidem
1028 2931 1226 3015 praeteritam

169 3054 266 3116 quam
300 3034 397 3097 etiam
426 3034 486 3098 filii
515 3045 753 3119 proventuram,
791 3035 1023 3116 amborumque
1061 3043 1227 3095 cruentam

167 3135 202 3196 in
231 3135 366 3199 christos
395 3135 540 3213 Domini,
571 3137 757 3221 Sagiensem
794 3159 836 3200 sc.
867 3136 1053 3221 episcopum
1080 3145 1114 3198 et
1143 3133 1229 3197 can-

167 3237 282 3300 tuariae
298 3236 572 3323 archiepiscopum
587 3239 788 3303 atrocitatem
803 3237 1046 3302 detestandam,1

210 3337 262 3401 De
276 3339 483 3417 coronatione
505 3340 606 3424 Regis
632 3340 725 3404 istius
739 3339 787 3403 vir
809 3339 940 3422 quidam
967 3339 1071 3401 bonus
1094 3349 1127 3401 et
1149 3339 1225 3408 sim÷

165 3439 243 3523 plex
266 3441 306 3511 de
320 3441 502 3525 Wigorniae
516 3442 662 3525 partibus
680 3443 790 3525 jacens
810 3439 944 3502 inlecto
959 3438 1087 3514 doloris,
1108 3461 1222 3521 parum

164 3552 336 3623 antequam
346 3541 495 3623 spiritum
505 3540 680 3615 exhalaret,
691 3539 973 3602 circumstantibus
981 3538 1222 3621 inquit2“Rex

163 3641 235 3718 iste,
252 3643 310 3724 qui
328 3664 415 3705 nunc
429 3652 610 3717 coronatur,
626 3664 683 3724 per
704 3625 925 3711 xxxvssannos
940 3661 1040 3724 prope
1062 3640 1219 3722 regnabit,

164 3742 219 3805 sed
253 3765 318 3805 non
351 3742 457 3827 plene,
486 3764 663 3826 pacemque
692 3742 831 3804 servabit
867 3741 902 3803 in
931 3739 1080 3803 omnibus
1117 3761 1219 3822 usque

163 3845 204 3907 ad
225 3856 371 3908 extrema
393 3844 442 3907 sui
467 3853 619 3927 tempora.
665 3843 787 3906 Exitus
810 3853 918 3905 autem
934 3842 1005 3925 ejus
1028 3840 1220 3924 ignominio-

162 3967 215 4008 sus
229 3945 300 4008 erit.
351 3945 430 4008 Post
444 3945 515 4028 ejus
532 3954 674 4028 tempora
682 3965 768 4020 vero,
783 3965 849 4006 non
862 3941 958 4026 longo
974 3952 1154 4025 temporum
1169 3941 1219 4002 in-

163 4047 305 4123 tervallo,
321 4070 370 4111 vae
386 4045 551 4110 insulae!’'
670 4035 672 4040 ¹

206 4147 305 4214 Quod
320 4149 451 4233 quidem
474 4150 514 4212 ad
540 4159 666 4232 tempus
680 4148 835 4211 dohannis
859 4139 947 4230 [qui]
971 4146 1065 4230 longe
1080 4145 1219 4209 atrocius

198 4297 205 4327 ¹
226 4297 289 4350 This
313 4297 363 4351 and
388 4315 459 4351 some
483 4297 511 4349 of
533 4295 576 4349 the
600 4295 738 4365 preceding
762 4294 875 4347 remarks
894 4304 937 4347 are'
957 4293 1049 4364 brielly
1071 4295 1165 4366 quoted
1184 4295 1220 4367 by

160 4366 311 4437 Koyghton‚
324 4371 402 4420 2393,
1198 4410 1205 4417 .

1020 4453 1044 4497 M
