3000 5040
461 501 509 549 DE
534 499 799 551 INSTRUCTIONE
826 498 1036 549 PRINCIPUM.
1230 485 1271 545 23

672 761 753 825 Cor.
776 761 819 825 V.

218 964 349 1026 Litteras
377 965 670 1047 compromissionem
705 963 805 1046 Rapis
830 961 1022 1024 Francorum
1061 959 1214 1024 Ludooici
1243 967 1274 1021 et

262 1066 362 1148 chis
389 1063 561 1149 Amplomom
589 1063 736 1140 chro'ci,
757 1063 1007 1146 Hierosolymam
1025 1084 1159 1146 perpere
1181 1061 1275 1123 simul

263 1168 356 1231 condi
367 1167 597 1252 protestomtcs.¹

264 1355 285 1384 ‘⁴
297 1349 375 1412 Euo
389 1348 584 1412 Ludowicus
608 1347 672 1411 Dei
694 1347 797 1430 gratia
819 1346 895 1410 Rex
918 1345 1126 1423 Francorum,
1153 1356 1187 1409 et
1213 1368 1273 1429 ego
1284 1367 1365 1407 neten
1373 1367 1396 1407 or

1365 1429 1392 1456 en

222 1450 385 1514 Henricus
400 1450 510 1513 eadem
525 1449 628 1532 gratia
642 1448 720 1512 Rex
735 1447 878 1531 Angliae,
893 1447 1042 1511 volumus
1067 1448 1107 1511 ad
1129 1448 1273 1510 omnium
1282 1422 1434 1566 ffieinping

221 1563 288 1616 tam
303 1551 500 1635 presentium
520 1572 618 1634 quam
642 1549 826 1614 futurorum
840 1549 989 1613 notitiam
1013 1547 1190 1633 pervenire,
1215 1571 1273 1612 nos
1283 1528 1422 1655 {affirm

221 1652 294 1716 Deo
317 1653 494 1737 inspirante
515 1651 697 1736 promisisse
715 1663 749 1715 et
766 1653 901 1736 jurasse,
928 1651 1016 1735 quod
1038 1650 1134 1714 simul
1154 1650 1274 1713 ibimus
1282 1665 1435 1755 pyffitpyrem

219 1752 254 1814 in
280 1753 446 1819 servitium
478 1751 737 1828 Christianitatis,
763 1763 797 1815 et
818 1774 945 1815 crucem
967 1752 1174 1836 suscipiemus
1194 1751 1274 1815 ituri
1284 1728 1384 1805 band-y

222 1855 460 1938 lerosolymam,
480 1855 566 1918 sicut
593 1853 628 1916 in
648 1853 711 1917 alio
734 1854 852 1939 scripto
876 1855 915 1918 de
942 1854 1144 1940 susceptione
1167 1855 1271 1919 crucis

219 1956 304 2020 facto
341 1957 534 2023 continetur.
578 1955 740 2020 Volumus
771 1957 869 2020 etiarn
903 1958 992 2041 quod
1018 1979 1128 2021 omnes
1156 1956 1269 2034 sciant,

212 2058 310 2141 ‚quod
323 2058 368 2121 sic
393 2081 503 2122 sumus
518 2067 552 2122 et
565 2057 679 2122 amodo
703 2057 850 2122 volumus
872 2081 941 2121 esse
963 2059 1067 2136 amici,
1084 2058 1171 2143 quod
1184 2070 1274 2123 uter-

221 2182 285 2243 que
310 2167 456 2224 nostrum
479 2160 572 2224 alteri
593 2159 794 2223 conservabit
818 2161 916 2223 vitam
943 2170 977 2224 et
997 2162 1141 2224 membra
1163 2173 1197 2226 et
1211 2173 1275 2226 ter·

222 2283 336 2325 renum
350 2262 503 2326 honorem
515 2284 610 2325 suurn
625 2271 736 2324 contra
750 2283 859 2324 omnes
873 2261 1019 2324 homines
1027 2285 1085 2346 pro
1100 2285 1192 2346 posse
1205 2287 1274 2328 suo.

222 2361 269 2426 Et
292 2363 319 2425 si
334 2387 550 2447 quaecumque
572 2385 707 2447 persona
719 2361 865 2426 alterutri
880 2373 1026 2426 nostrum
1040 2364 1160 2427 malum
1172 2365 1276 2427 facem

224 2466 476 2549 praesumpserit,
501 2488 560 2548 ego
594 2463 778 2528 Ludovicus
797 2465 918 2548 juvabo
942 2464 1122 2528 Henricum
1149 2465 1275 2549 Regem

224 2565 472 2649 Angliaecontra
483 2588 594 2630 omnes
602 2565 748 2628 homines
756 2587 815 2649 pro
823 2587 915 2648 posse
926 2587 1009 2641 meo,
1021 2565 1275 2631 sicuthominem

223 2669 392 2731 etfidelem
401 2690 519 2744 meum,
529 2678 563 2730 et
572 2689 631 2751 ego
640 2666 802 2731 Henricus
807 2667 928 2750 juvabo
938 2666 1139 2730 Ludovicum
1150 2667 1276 2752 Regem

223 2768 367 2832 Franciae
378 2779 605 2832 contraomnes
614 2768 759 2831 homines
773 2789 832 2851 pro
839 2789 933 2859 posse
948 2789 1030 2832 mec.
1069 2767 1163 2831 Sicut
1175 2769 1277 2832 dorni·

224 2893 303 2934 num
323 2893 430 2935 meum
453 2871 539 2935 salva
561 2871 637 2948 fide,
654 2893 750 2954 quam
776 2870 930 2934 debemus
950 2870 1135 2934 hominibus
1158 2871 1275 2934 nostris

218 2958 376 3055 'quamdiu
396 2972 459 3056 ipsi
480 2971 578 3035 fidem
592 2971 684 3035 nobis
699 2972 880 3036 servabunt.
939 2971 986 3034 Et
999 2983 1115 3036 neuter
1129 2985 1276 3039 nostrum

221 3074 335 3136 amodo
358 3074 512 3136 retinebit
534 3073 700 3136 inimicum
723 3073 855 3137 alterius
887 3074 923 3137 in
947 3083 1032 3138 terra
1058 3097 1116 3138 sua
1137 3099 1180 3140 ex
1210 3101 1275 3162 quo

219 3175 295 3238 inde
306 3175 481 3259 requisitus
493 3175 603 3239 fuerit.
634 3176 680 3240 Et
692 3185 731 3239 ut
741 3177 826 3239 inter
836 3198 894 3240 nos
903 3179 1016 3241 amodo
1030 3179 1162 3243 tollatur
1173 3180 1275 3242 omnis

222 3373 296 3426 Then
305 3372 349 3425 the
359 3373 439 3441 King,
448 3373 552 3441 turning
560 3380 587 3424 to
596 3372 641 3425 the
648 3390 721 3443 spec·
770 3373 870 3443 sieging
877 3373 921 3427 the
931 3375 992 3445 city,
1002 3375 1028 3427 in
1038 3375 1201 3442 conjunctior]
1212 3374 1274 3427 with

221 3452 309 3511 tators,
326 3442 390 3509 said,
410 3442 518 3494 “Know
536 3460 568 3512 ye
586 3442 647 3510 this,
665 3441 720 3495 that
771 3461 857 3512 young
881 3444 954 3496 Henr
972 3487 979 3512 ,
1000 3462 1065 3497 were
1089 3444 1231 3497 astounded
1248 3453 1276 3496 at

220 3530 298 3582 peace
310 3512 356 3564 has
374 3513 440 3564 been
458 3510 571 3563 restored
587 3519 613 3562 10
625 3529 667 3562 me
688 3512 721 3580 by
771 3513 840 3580 sight
852 3513 881 3564 01
890 3513 934 3565 the
942 3464 1021 3584 lling,
1034 3515 1084 3566 and
1092 3515 1171 3566 broke
1183 3532 1217 3583 up
1230 3513 1274 3566 the

221 3583 265 3634 the
293 3581 459 3634 intercession
489 3581 518 3632 of
545 3581 572 3632 S.
599 3579 720 3647 Thomas
771 3582 849 3649 siege.
885 3582 980 3650 Labbe,
1004 3583 1069 3636 coll.
1082 3584 1158 3636 Mss,
1171 3584 1198 3636 ii.
1212 3587 1273 3637 319.

221 3652 307 3703 whose
324 3650 385 3720 help
404 3651 417 3702 Ι
434 3650 499 3701 have
517 3649 655 3718 anxiously
672 3650 721 3700 im·
773 3649 899 3719 Compare
923 3653 986 3704 with
1010 3653 1069 3719 this,
1090 3653 1201 3706 Raude
1225 3652 1272 3703 Di-

224 3720 341 3790 plored.”
771 3727 837 3785 cete,
854 3737 880 3787 p.
898 3721 967 3785 5753
986 3721 1056 3772 John
1075 3722 1104 3772 of
1120 3721 1271 3791 Brompton,

259 3787 412 3854 Forthwith,
441 3787 558 3856 crossing
581 3786 626 3838 the
656 3803 720 3853 sees,
772 3791 857 3852 1095;
877 3787 970 3841 Chron.
981 3790 1107 3859 Gervasii‚
1117 3791 1194 3858 1427,
1203 3791 1271 3860 apud

221 3859 265 3910 the
303 3857 375 3926 King
404 3856 496 3908 visited
531 3857 640 3919 Rouen3
676 3857 720 3908 the
772 3857 908 3927 Twysden‚
922 3859 958 3912 X.
971 3860 1052 3930 Scrip.

221 3929 328 3981 citizens
340 3926 480 3978 welcomed
492 3925 545 3978 him
558 3925 620 3978 with
638 3925 720 3978 00010-
808 3927 815 3955 ¹
829 3927 933 3980 Printed
941 3928 995 3981 also
1005 3930 1032 3981 in
1042 3930 1175 3997 Hoveden,
1184 3931 1200 3982 1
1209 3933 1270 3998 325,

223 3998 329 4065 motion,
341 3996 404 4048 with
422 3996 523 4066 ringing
541 3995 570 4047 of
584 3995 657 4063 bells,
670 3995 721 4048 and
771 3997 796 4050 b.
833 3997 898 4051 Rnd.
912 3998 944 4050 de
957 3999 1057 4068 Diceto,
1067 4000 1124 4052 who
1136 4001 1183 4054 has
1194 4001 1270 4070 given

222 4067 305 4121 sound
329 4067 358 4118 01
382 4074 496 4136 trumpet
519 4066 584 4118 from
612 4065 647 4118 all
677 4065 721 4118 the
771 4067 867 4119 abrief
880 4067 992 4121 abstract
1004 4070 1033 4121 of
1048 4070 1099 4123 this
1111 4070 1194 4141 letter,
1207 4071 1270 4124 adds

221 4148 312 4190 towcrs
324 4136 354 4187 01
362 4135 406 4188 the
418 4135 480 4206 city.
772 4145 798 4189 at
820 4136 864 4189 the
894 4139 1060 4194 conclusion:
1092 4140 1185 4194 “Haec
1214 4150 1271 4194 acta

256 4207 309 4258 But
335 4206 406 4274 King
439 4205 522 4258 Lewis
554 4205 605 4257 end
636 4205 722 4275 Philip
772 4215 831 4258 suut
843 4208 912 4301 apud
925 4208 1104 4278 Nonnancurt‚
1116 4210 1160 4264 vii.
1170 4211 1205 4264 kl.
1220 4212 1271 4263 Oc-

223 4277 308 4328 Count
326 4275 355 4328 01
372 4275 505 4343 blandem,
518 4275 575 4328 who
592 4292 658 4328 were
677 4275 721 4326 be
772 4276 860 4329 tobris.
872 4277 878 4299 ’
890 4277 986 4349 [1177]
1022 4279 1159 4351 Twysden‚
1171 4300 1198 4352 p.
1210 4285 1270 4335 599.
