3000 5040
438 549 487 598 nn
512 539 781 598 msrnuorronn
806 548 1022 600 rmncnuu.
1211 523 1252 598 45

202 697 376 775 sinceritas,
391 719 460 775 nos,
476 697 580 780 gratia
596 698 707 762 Sancti
722 699 864 784 Spiritus
874 711 1076 788 cooperante,
1085 700 1163 765 licet
1176 723 1256 764 non-

202 799 285 863 nulli
300 821 381 884 quos
395 799 488 863 nobis
501 799 673 864 benevolos
687 810 721 864 et
733 800 905 874 familiares
920 825 987 866 esse
1002 803 1207 886 speravimus,
1223 803 1257 865 in

202 900 262 964 hac
281 911 372 984 parte
397 899 573 984 plurimum
594 901 688 964 nobis
705 902 923 979 adversantur,
945 925 1058 987 pacem
1072 904 1197 966 firmam
1225 914 1258 967 et

202 1001 434 1079 honorabilem,
464 1001 505 1064 ad
532 1001 735 1066 securitatem
765 1014 907 1066 nostram
930 1003 1069 1088 ethJer
1095 1007 1097 1011 ’
1129 1027 1161 1067 m
1184 1027 1258 1067 nos-

203 1114 337 1179 trorum,
354 1124 428 1166 cum
455 1102 584 1166 domino
609 1103 701 1187 Rege
731 1098 928 1167 Francorum
954 1115 987 1168 et
1012 1103 1138 1168 Comite
1162 1104 1258 1168 Flan-

204 1205 321 1280 drensi,
336 1215 434 1287 atque
449 1226 523 1268 cum
543 1204 615 1267 aliis
635 1205 819 1268 adversariis
833 1205 951 1268 nostris
965 1207 1004 1269 de
1026 1207 1172 1290 partibus
1194 1205 1259 1268 illis

204 1306 333 1369 omnino
358 1305 399 1368 ad
420 1305 619 1388 voluptatem
641 1317 675 1370 et
699 1305 942 1389 dispositionem
967 1317 1108 1372 nostram
1133 1307 1258 1383 fecisse,

204 1429 312 1490 quam,
342 1407 425 1470 sicut
463 1406 558 1469 nobis
591 1420 623 1470 et
649 1407 859 1469 familiaribus
888 1408 1005 1470 nostris
1033 1408 1171 1484 videtur,
1200 1431 1259 1492 per

205 1508 393 1571 immensam
407 1507 608 1571 clementiam
629 1507 704 1585 Dei,
720 1507 761 1569 ad
780 1507 935 1570 honorem
960 1508 1062 1571 nostri
1086 1519 1120 1572 et
1143 1509 1260 1572 securi-

206 1617 307 1673 tatem
329 1631 439 1672 sumus
463 1608 618 1686 assecuti3
634 1607 680 1672 ita
704 1607 792 1692 quod
815 1631 925 1672 omnes
940 1609 997 1693 qui
1012 1608 1154 1673 dominio
1168 1610 1260 1693 regni

207 1711 403 1774 Francorum
431 1709 570 1794 subjecti
596 1720 681 1786 sunt,
714 1709 876 1772 DomInus
901 1720 1011 1774 noster
1045 1733 1103 1773 sua
1131 1711 1261 1774 misera-

207 1811 295 1874 tione
310 1809 403 1872 nobis
418 1831 477 1893 pro
492 1809 694 1894 beneplacito
709 1819 819 1872 nostro
831 1810 1066 1889 reconciliavit3
1082 1810 1260 1895 gloriaeque

206 1921 325 1974 nostrae
342 1921 375 1974 et
397 1910 586 1974 exaltationi
609 1934 645 1974 ac
659 1910 790 1974 honoris
811 1911 913 1975 nostri
939 1911 1138 1976 incremento
1159 1913 1262 1997 pluri-

207 2034 297 2076 mum
311 2011 438 2097 adjecit.
484 2010 540 2075 Ad
553 2011 625 2076 haec
640 2013 737 2076 etiam
752 2013 950 2077 successibus
963 2014 1082 2077 nostris
1096 2015 1261 2077 accessisse

208 2135 388 2197 cognoscas,
401 2135 460 2176 nos
481 2114 642 2177 dominam
665 2113 826 2198 Reginam
851 2114 1021 2192 Franciae‚¹
1045 2125 1079 2179 et
1094 2115 1261 2179 dominum

208 2215 402 2279 Remensem
439 2213 752 2300 Aschiepiscopum,²
792 2227 825 2279 et
863 2216 991 2280 Ducem
1032 2217 1259 2301 Burgundiae,³

207 2327 241 2380 et
253 2316 413 2380 Comitem
424 2315 658 2393 Theobaldum,
668 2326 702 2380 et
717 2316 877 2380 Comitem
889 2318 928 2380 de
940 2317 1050 2393 Lato‚⁴
1064 2328 1097 2382 et
1107 2319 1261 2401 Reginal-

208 2419 287 2492 dum
301 2416 530 2480 Merunensem
544 2438 603 2500 pro
618 2417 785 2482 voluntate
799 2428 832 2480 et
845 2417 1053 2501 dispositione
1075 2420 1205 2481 nostra⁶
1220 2419 1260 2481 ad

209 2528 356 2581 nostrum
382 2539 559 2600 eorumque
589 2517 732 2580 omnium
757 2517 911 2580 honorem
935 2527 969 2580 et
991 2517 1261 2595 commoditatem,

209 2619 339 2682 domino
368 2617 455 2701 Regi
483 2617 629 2682 Franciae
651 2628 685 2681 et
709 2617 829 2682 Comiti
853 2616 1064 2685 Flandrensi⁶
1087 2629 1120 2683 et
1144 2619 1262 2683 Comiti

210 2719 400 2786 Hmnensi⁷
428 2718 567 2783 feliciter
595 2719 825 2783 reconciliasse.
871 2719 1009 2783 Noveris
1040 2720 1137 2783 etiam
1176 2721 1264 2804 quod

210 2834 276 2887 tam
300 2821 361 2884 filii
384 2842 481 2903 quam
506 2831 539 2883 et
561 2819 707 2883 homines
730 2821 831 2883 nostri
848 2821 889 2885 ad
903 2821 1101 2885 voluntatem
1124 2833 1264 2886 nostram

210 2949 244 2989 se
266 2924 388 2988 habent
407 2921 560 3006 operibus
573 2921 694 2985 nostris
717 2921 873 2985 universis
887 2944 946 3008 per
961 2924 1096 3006 gratiam
1112 2924 1175 2987 Dei
1190 2947 1265 3007 pro·

210 3025 408 3090 cedentibus.
455 3022 554 3089 Quod
568 3031 677 3085 autem
703 3022 738 3084 in
760 3033 869 3086 nostro
892 3025 1000 3087 sedeat
1014 3025 1189 3109 proposit0,
1206 3025 1265 3088 tibi

213 3149 310 3212 quam
333 3125 429 3190 citius
452 3123 630 3208 poterimus
653 3123 913 3207 significabimus.
959 3125 1012 3189 Tu
1029 3127 1129 3210 igitur
1148 3127 1265 3190 nostris

212 3228 341 3292 interim
355 3227 440 3290 sicut
454 3226 493 3288 de
505 3234 539 3288 te
554 3225 744 3291 confidimus
758 3227 898 3310 negotiis
914 3229 1086 3294 cumomni
1100 3229 1266 3313 diligentia

212 3329 377 3392 intendere
406 3349 471 3390 non
497 3348 607 3391 cesses.
654 3326 752 3390 Teste
775 3325 934 3411 Magistro
956 3328 1091 3393 Galtero
1118 3331 1158 3393 de
1182 3329 1266 3393 Con-

213 3429 339 3494 stantiis
354 3427 590 3492 Archidiacono
603 3425 825 3505 Oxenfordiae,
839 3430 926 3513 apud
938 3429 1150 3495 Gisortium.”

248 3579 360 3646 ¹Alice,
384 3578 474 3644 Quaen
499 3577 528 3629 of
549 3576 628 3628 Louis
649 3575 715 3628 VII.
764 3576 860 3629 lection
884 3578 948 3629 hare
972 3577 1033 3629 thus
1057 3579 1188 3630 corrected
1212 3578 1265 3631 this

213 3649 265 3702 For
285 3649 330 3701 the
349 3664 427 3704 cause
447 3647 477 3702 of
494 3645 546 3699 this
567 3645 716 3698 contention
764 3663 887 3714 passage:
918 3646 1036 3698 ‘Ducem
1063 3647 1216 3716 Burgundio
1241 3657 1267 3700 et

213 3720 330 3772 between
346 3717 392 3769 her
403 3715 454 3768 and
469 3715 515 3768 her
527 3732 595 3782 sons,
608 3732 652 3767 see
663 3714 716 3766 this
768 3713 888 3768 Comitem
896 3713 1071 3786 [Rodubbum
1080 3716 1268 3769 Claromontea·

213 3787 292 3854 work,
306 3786 375 3839 Dist.
387 3785 424 3838 iii.
437 3784 478 3838 cb.
492 3787 517 3837 2.
763 3801 818 3849 sm,
829 3783 1027 3854 Rodulpbumde
1042 3783 1115 3856 Coci]
1123 3785 1266 3854 provolun-

248 3857 259 3887 ²
277 3855 406 3908 William.
510 3853 522 3887 ⁸
540 3853 618 3922 Hugo
631 3852 684 3904 III.
765 3853 845 3921 tate,''
858 3853 907 3907 dre.

226 3923 362 3993 Anam]
380 3922 484 3976 humdc
497 3920 580 3976 Cocit
799 3922 923 3998 ‘Philip
1028 3921 1174 3979 ⁷Baldwin
1188 3923 1238 3976 IV.

249 3995 259 4025 ⁶
278 3993 335 4047 The
344 3941 448 4047 Epditors
461 3993 491 4046 of
500 3991 643 4063 Bouquet’s
654 3990 715 4044 Col-
