3000 5040
703 502 883 553 CAPITULA

460 658 614 732 tanquam
629 650 816 734 apostatico,
829 649 917 734 quod
930 647 1035 733 pudor
1049 647 1170 731 pariter
1185 655 1218 708 et
1231 643 1322 708 dolor

461 750 608 828 extorsit,
625 752 665 814 ab
680 751 751 836 ipso
765 750 900 836 prolato.

332 866 395 911 xrr.
420 847 530 915 Quare
558 873 593 915 se
621 875 707 916 nunc
735 852 865 936 segnius
890 873 986 936 quam
1012 849 1090 914 olim
1120 848 1322 912 Normannia

461 951 635 1016 defendat?
679 952 829 1020 Quaestio
844 953 929 1016 facta
945 963 979 1015 et
992 950 1159 1036 responsio
1174 951 1259 1012 data.

319 1069 398 1114 x111.
421 1049 474 1114 De
490 1051 582 1137 Rege
598 1053 742 1118 Henrico
757 1054 963 1139 apostematis
978 1052 1179 1116 incommodo
1195 1050 1321 1113 circiter

458 1153 593 1239 inguina
619 1167 777 1241 correpto,
800 1167 834 1220 et
856 1155 1054 1218 confessione
1077 1154 1206 1217 demum
1224 1151 1320 1225 sacta,

459 1256 561 1340 magis
575 1268 705 1321 extorta
718 1269 826 1322 tamen
843 1280 940 1342 quam
953 1258 1077 1320 devota.

324 1375 395 1420 x1v.
419 1354 512 1420 Visio
535 1359 637 1422 nobili
651 1360 721 1423 viro
736 1360 878 1424 Ricardo
893 1358 933 1422 de
949 1356 1115 1421 Riduariis
1135 1365 1272 1431 ostensa,
1288 1366 1322 1417 et

459 1459 499 1522 de
514 1458 608 1544 Rege
625 1461 769 1526 Henrico
783 1463 819 1526 in
832 1460 923 1525 brevi
935 1458 1103 1543 completa.

337 1580 395 1625 xv.
418 1560 470 1624 De
480 1559 678 1646 Imperatore
688 1564 869 1639 Frederico,
879 1562 982 1625 crucis
991 1559 1158 1644 negotium
1168 1568 1201 1620 et
1210 1567 1321 1620 votum
1395 1622 1398 1630 ,

458 1663 725 1746 peregrinationis
752 1673 953 1748 assumptum
972 1661 1107 1724 viriliter
1132 1659 1263 1723 interim
1288 1666 1321 1720 et

458 1763 682 1828 incunctanter
695 1788 854 1850 aggresso·

323 1882 395 1926 xv1.
423 1861 511 1926 Visio
537 1885 634 1946 quam
661 1889 758 1950 super
786 1866 888 1929 crucis
917 1863 1047 1948 negotio
1072 1863 1154 1924 vidit
1181 1862 1237 1924 ille
1264 1861 1321 1944 qui

458 1966 585 2050 scripsit
598 1965 679 2043 haec,
695 1976 729 2030 et
742 1967 872 2031 visionis
887 1963 1059 2049 expositio.

308 2083 394 2128 xv11.
417 2063 469 2128 De
499 2065 706 2152 Imperatoris
732 2067 946 2142 animositate,
970 2076 1005 2128 et
1032 2063 1150 2127 litteris
1179 2064 1322 2148 despica-

459 2166 557 2231 tionis
573 2168 725 2233 Saladino
739 2166 943 2233 transmissis.

294 2288 392 2333 xvrn.
415 2267 596 2353 Responsio
626 2270 781 2347 Saladini,
805 2281 839 2333 et
867 2268 985 2332 litterae
1016 2266 1183 2330 contrariae
1214 2265 1324 2351 Impe-

459 2371 559 2435 ratori
574 2374 614 2436 ab
629 2373 700 2458 ipso
715 2372 859 2436 directae.

318 2492 392 2537 x1x.
416 2472 567 2540 Qualiter
587 2474 767 2560 Imperator
786 2496 846 2559 per
870 2472 1073 2557 Hungariam
1094 2470 1156 2535 iter
1175 2470 1320 2554 arripuit,

454 2583 499 2654 et,
516 2575 670 2641 Danubio
686 2577 831 2654 transit0,
844 2599 903 2661 per
915 2573 1106 2659 Vulgariam
1122 2573 1156 2635 in
1171 2572 1323 2636 Macedo·

460 2677 547 2741 niam
560 2679 658 2742 venit.

334 2799 394 2843 xx.
419 2778 471 2843 De
494 2781 621 2844 nunciis
640 2781 681 2844 ad
701 2780 933 2865 imperatorem
949 2778 1104 2842 Graecum
1119 2775 1321 2854 transmissis,

460 2881 631 2966 primoque
653 2881 755 2965 captis
778 2891 811 2944 et
836 2880 985 2956 detentis,
1004 2878 1121 2942 deinde
1141 2899 1184 2939 ex
1206 2876 1320 2940 timore

461 2982 612 3060 remissie,
628 2992 661 3045 et
675 2982 864 3045 victualium
878 2981 950 3044 foro
965 3001 1123 3062 concesso.

321 3101 396 3145 xx1.
418 3081 470 3146 De
485 3081 598 3145 fraude
623 3082 754 3146 Soldani
768 3082 896 3159 Yconii,
913 3091 946 3144 et
961 3093 1046 3143 terra
1063 3079 1164 3163 ipsius
1179 3087 1248 3140 tota
1264 3101 1322 3162 per

462 3184 675 3269 quadraginta
694 3183 762 3246 dies
790 3183 826 3246 in
852 3183 948 3246 armis
972 3191 1005 3244 et
1029 3180 1146 3257 inedia,
1171 3180 1323 3264 periculis

462 3285 574 3348 multis
599 3285 757 3369 bellisque
780 3285 848 3348 fere
872 3282 1032 3347 continuis
1054 3291 1321 3365 transpenetrata,

461 3388 557 3451 armis
573 3387 703 3472 quidem
718 3397 751 3450 et
764 3386 977 3462 animositate,
987 3384 1166 3469 grandique
1180 3383 1322 3446 hostium

462 3498 577 3572 strage,
591 3488 644 3553 via
657 3498 777 3574 parata.

307 3611 395 3657 xxu.
419 3590 471 3655 De
494 3589 693 3676 Imperatore
716 3589 815 3653 fluvio
834 3587 970 3672 quodam
990 3585 1155 3650 Armeniae
1177 3594 1253 3668 post
1273 3595 1323 3647 tot

460 3692 610 3758 victorias
633 3692 798 3755 submerso
814 3689 910 3775 (proh
921 3688 1012 3752 dolor
1022 3687 1044 3770 !)
1061 3697 1095 3749 et
1117 3686 1274 3762 extincto,
1290 3696 1324 3748 et

461 3794 607 3884 exercitu
635 3803 727 3857 tanto
751 3792 839 3876 apud
861 3789 1070 3854 Antiochiam
1091 3787 1269 3861 exinanito,
1291 3794 1324 3847 et

460 3906 535 3981 post
552 3906 674 3958 tantam
692 3894 833 3957 inediam
852 3892 944 3976 copia
968 3900 1088 3966 secuta,
1104 3899 1171 3952 tam
1193 3887 1324 3950 distem·

459 4005 571 4080 perato
586 4016 684 4078 quam
699 3995 851 4078 disperso.

293 4119 396 4162 xxm.
421 4097 472 4161 De
488 4096 695 4181 Imperatoris
706 4095 774 4158 filio
784 4117 857 4158 cum
867 4094 1029 4157 exercitus
1043 4102 1147 4178 parte,
1159 4091 1216 4154 sed
1229 4090 1324 4173 longe

459 4197 593 4274 minore,
610 4197 649 4259 de
664 4194 840 4258 Antiochia
856 4194 990 4278 Tyrum,
1007 4195 1047 4258 de
1063 4193 1151 4278 Tyro
1164 4191 1322 4266 Aeonem,

460 4297 594 4362 viriliter
608 4307 804 4363 transeunte.
