3000 5040
444 468 493 517 DE
518 467 786 522 INSTRUOTIONE
810 469 1028 522 PRINCIPUM·
1203 460 1264 522 ll9

644 721 726 787 Car.
751 721 832 788 XV.

204 868 257 930 De
283 867 477 952 Imperatore
500 872 668 934 Fredere'co
691 875 793 936 crucis
815 876 969 957 nepotiana
993 882 1024 936 et
1048 881 1150 935 notam
1167 896 1261 956 pere-

244 973 434 1054 minationis
457 983 646 1058 assumptum
674 975 811 1038 oirii'ter
834 976 959 1038 interim
984 984 1014 1037 et
1043 977 1261 1040 incunctante-r

247 1094 400 1157 appresso.

244 1224 401 1288 Inrnarn
416 1236 525 1289 autem
539 1227 706 1292 Romanus
722 1228 900 1312 Imperator
916 1227 1115 1304 Fredericus,
1130 1249 1257 1312 praepa·
1268 1255 1400 1308 mermpt.

202 1327 279 1389 ratis
294 1327 421 1410 egregie
436 1336 526 1390 tanto
548 1329 711 1412 aggressui
733 1328 927 1406 necessariis,
951 1328 991 1391 ad
1005 1327 1124 1391 festum
1147 1327 1257 1392 Sancti
1268 1317 1302 1394 ll
1308 1311 1409 1407 iiiiii,

203 1426 365 1509 Gregorii,
389 1427 472 1491 sicut
497 1427 602 1511 primo
635 1439 801 1507 statuerat,
825 1452 899 1492 cum
926 1428 1038 1492 multis
1062 1441 1255 1494 armatorum
1268 1405 1422 1494 iffiimim'

201 1527 345 1591 millibus
374 1528 436 1591 iter
462 1529 686 1594 incunctanter
715 1530 876 1615 arripuit.¹
936 1529 1002 1592 Sed
1029 1529 1153 1593 utinam
1183 1553 1256 1594 cum
1268 1505 1431 1597 illidii

201 1628 308 1692 favore
337 1630 465 1713 plebeio
493 1632 707 1716 popularique
736 1632 864 1716 plausu,
891 1654 964 1695 cum
990 1631 1050 1696 viae
1076 1632 1256 1695 substantia
1267 1604 1377 1704 {illibi
1379 1617 1405 1713 Β,

196 1731 285 1814 juste
308 1732 446 1815 quaesita
466 1755 532 1796 non
555 1743 693 1811 extorta,
708 1734 797 1817 larga
817 1733 1007 1817 liberalique
1030 1755 1128 1797 manu
1144 1745 1177 1797 et
1190 1757 1256 1797 non
1267 1703 1416 1793 iiiiii⁸¹pedi

200 1842 371 1911 contracta,
397 1857 479 1918 pura
507 1846 542 1899 et
566 1836 695 1900 elimata
723 1835 781 1921 p’er
809 1836 1021 1921 penitentiam
1044 1837 1255 1914 conscientia,

118 1938 121 1943 ’
199 1957 328 2016 prorsus
349 1935 470 2000 invidia
492 1948 619 2001 carente
640 1948 674 2001 et
697 1938 889 2022 arrogantia,
913 1938 1074 2023 principes
1099 1940 1200 2002 nostri
1222 1939 1256 2002 in

197 2036 295 2121 hujus
308 2038 523 2122 expeditionis
534 2061 686 2123 aggressu
699 2039 858 2124 proficisci
870 2040 1070 2103 meruissent.
1117 2039 1147 2103 Ο
1160 2063 1257 2125 quam

198 2138 325 2202 mallem
347 2139 397 2202 his
419 2141 587 2204 comitatos
604 2164 679 2204 cum
700 2141 918 2226 paucioribus
940 2141 1079 2225 Deoque
1101 2141 1257 2224 placenti·

197 2239 258 2301 bus
279 2240 365 2316 viris,
384 2240 472 2324 [iter]
494 2243 689 2305 laboriosum
712 2242 893 2326 arripuisse,
911 2265 1018 2325 quam,
1039 2243 1090 2304 his
1113 2243 1192 2318 sine,
1216 2243 1256 2306 de

198 2340 308 2402 multis
338 2351 371 2403 et
396 2342 560 2406 immensis
585 2343 733 2427 pecuniae
763 2343 933 2419 thesauris
960 2343 1017 2406 sed
1039 2342 1257 2427 undecunque

198 2442 365 2524 congestis,
379 2443 418 2505 de
429 2443 638 2507 multitudine
649 2444 795 2527 gentium
809 2445 946 2520 infinita,
959 2444 1089 2507 sednon
1101 2444 1256 2521 unanimi,

197 2565 263 2606 non
285 2544 445 2622 concordi,
468 2544 528 2608 hoc
551 2545 586 2608 in
611 2567 712 2628 agone
737 2545 915 2630 superbire.
959 2544 1089 2608 Veteris
1114 2566 1256 2628 namque

198 2645 396 2708 Testamenti
418 2668 568 2730 percurre
583 2645 708 2724 seriem,
725 2645 873 2710 citeriora
890 2669 1021 2730 quoque
1035 2647 1157 2730 respice
1172 2656 1255 2709 tem-

196 2770 285 2830 pora,
309 2757 343 2810 et
366 2748 530 2832 praecipue
555 2749 696 2832 partium
721 2747 848 2811 illarum
872 2748 1032 2832 exempla,
1056 2770 1182 2832 semper
1203 2748 1256 2811 in-

194 2848 302 2911 venies
327 2871 392 2913 non
410 2849 552 2912 virorum
574 2860 608 2913 et
621 2849 761 2925 virium,
773 2849 829 2913 sed
854 2850 964 2932 potius
978 2849 1139 2913 virtutum
1161 2849 1255 2933 copia

195 2949 366 3033 divinaque
400 2950 501 3034 magis
529 2951 633 3035 gratia
663 2974 761 3035 quam
795 2951 937 3014 humana
964 2951 1112 3036 potentia
1139 2950 1256 3014 trium-

194 3052 341 3136 phatum.
399 3053 487 3118 Nam
515 3064 554 3117 ut
582 3055 628 3118 ait
658 3054 800 3118 Seneca:
839 3059 861 3089 “
874 3053 952 3118 Non
974 3052 1170 3137 populorum
1192 3075 1254 3115 nu-

193 3176 312 3230 merus,
333 3155 389 3218 sed
411 3178 588 3240 paucorum
609 3156 722 3234 virtus,
740 3178 884 3240 pugnam
903 3153 1062 3219 conficit.”
1105 3155 1153 3218 Et
1174 3155 1252 3218 alibi

194 3268 336 3340 quoque,
361 3257 529 3342 Scriptura
552 3268 700 3335 testante,
728 3263 750 3294 “
763 3257 909 3342 Populus
937 3256 1177 3342 quantumlibet
1202 3279 1252 3319 ar-

193 3368 299 3420 matus
313 3359 382 3422 siue
398 3359 470 3423 Deo
485 3359 616 3423 inermis
632 3360 711 3424 est.”

236 3457 406 3522 Praedictis
428 3460 539 3543 itaque
556 3470 696 3543 quatuor
718 3461 900 3535 comitatus,
916 3468 955 3522 ut
969 3459 1169 3533 credebatur,
1186 3458 1252 3521 Im-

189 3570 319 3641 perator
333 3560 532 3635 Fredericus,
550 3583 745 3644 quamquam
762 3560 999 3644 Cisalpinorum
1017 3559 1201 3642 principum
1216 3559 1251 3622 in

190 3659 346 3741 signaculi
368 3659 570 3744 susceptione
596 3673 787 3744 postremus,
809 3661 844 3723 in
870 3659 976 3743 operis
999 3669 1107 3722 tamen
1133 3680 1251 3722 execu-

190 3759 278 3823 tione
300 3760 454 3824 laudabili
482 3761 698 3824 maturatione
728 3783 762 3822 se
791 3760 931 3845 primum
960 3758 1124 3823 exhibuit.
1179 3759 1248 3824 Qui

191 3871 282 3924 tanto
310 3862 520 3926 cumulatiore
546 3873 612 3926 tam
642 3861 676 3925 in
705 3861 793 3925 caelis
820 3861 937 3947 palma,
965 3882 1062 3943 quam
1091 3859 1126 3922 in
1155 3859 1248 3922 terris

188 3962 291 4045 gloria
318 3986 352 4026 se
380 3965 492 4047 procul
522 3964 622 4027 dubio
645 3963 784 4050 dignum·
808 3961 959 4039 reddidit,
991 3970 1113 4044 quanto
1141 3961 1248 4043 regnis

188 4064 398 4148 amplioribus
420 4067 582 4150 rebusque
604 4064 736 4143 relictiS,
754 4065 901 4148 tantique
922 4062 1048 4147 Imperii
1064 4085 1140 4126 cura
1162 4073 1250 4147 post-

223 4237 232 4271 ¹
253 4238 317 4291 This
341 4257 453 4360 passage
483 4257 573 4292 occurs
607 4237 692 4307 again,
746 4235 872 4289 Hibernia
900 4235 1022 4304 Expugu.
1047 4233 1089 4287 ch.
1114 4235 1197 4287 xxvii.
1224 4251 1249 4304 p.

187 4306 276 4377 nearly
298 4317 340 4360 ver
358 4309 430 4377 atim,
455 4309 482 4361 iu
510 4308 553 4360 the
578 4307 693 4373 tremiss,
746 4308 807 4360 802.
