3000 5040
260 452 321 516 116
565 469 748 520 erasinus
773 468 1000 519 cnusnuusrs

253 617 373 682 vinum
395 616 545 682 videlicet
571 618 766 694 Cantuariae,
793 617 962 682 Galterum
989 617 1306 700 Rothomagensem,¹

253 719 488 783 Guillelmum²
504 719 732 784 Turonensem.
777 720 858 783 Erat
873 720 959 782 enim
976 719 1114 782 hominis
1131 718 1218 782 illius
1232 739 1309 781 con·

254 821 391 883 suetudo
406 821 541 904 majores
554 831 709 885 terrarum
725 844 854 884 suarum
868 821 964 897 viros,
978 831 1044 883 tam
1060 820 1099 883 de
1114 821 1199 883 clero
1211 842 1308 902 quam

254 922 351 985 etiam
364 922 497 1006 populo,
513 933 550 985 ut
564 923 652 986 curia
666 945 723 986 sua
738 945 862 1007 semper
876 921 990 1005 legatis
1005 921 1166 985 extraneis
1180 921 1310 1005 grandis

254 1033 432 1108 appareret,
448 1046 490 1086 ex
513 1023 672 1087 industria
694 1025 941 1088 circumducere.
987 1023 1066 1087 Tres
1090 1023 1202 1105 itaque
1224 1045 1309 1107 prae-

254 1125 364 1209 scripti
379 1147 452 1188 cum
470 1124 538 1188 aliis
558 1125 732 1202 nonnullis,
747 1125 959 1188 invalescente
978 1125 1044 1210 jam
1060 1124 1127 1187 fere
1143 1124 1182 1187 ad
1198 1124 1309 1207 despe-

253 1225 409 1289 rationem
424 1226 627 1310 aegritudine,
648 1226 688 1289 ad
707 1226 814 1310 ipsum
834 1237 987 1310 tanquam
1010 1247 1052 1287 ex
1070 1225 1217 1288 condicto
1235 1247 1310 1286 con-

253 1326 431 1404 fluxerunt,
450 1338 600 1411 rogantes
622 1337 656 1390 et
677 1327 711 1390 in
733 1327 797 1390 fide
819 1326 1032 1402 consulentes,
1053 1336 1212 1410 quatenus
1234 1348 1309 1388 con-

253 1427 375 1491 fitendo
390 1429 510 1513 pariter
524 1440 557 1493 et
571 1429 782 1513 penitentiam
802 1429 924 1510 agendo
939 1428 980 1490 ad
994 1427 1184 1491 delictorum
1199 1427 1309 1490 remis·
1422 1453 1424 1456 ⁴

254 1528 375 1593 sionem
390 1529 578 1607 elaboraret,
593 1529 757 1613 vitamque
774 1551 864 1591 suam
878 1528 929 1591 vel
948 1527 982 1590 in
997 1539 1142 1592 extremo
1159 1528 1216 1612 qui
1231 1539 1308 1591 tune

253 1629 419 1694 imminere
433 1630 622 1695 credebatur
636 1629 783 1706 articulo,
796 1629 956 1714 sacrisque
968 1630 1082 1693 diebus
1095 1629 1309 1713 Quadragesi·

254 1731 401 1808 malibus,
425 1731 623 1795 emundaret.
669 1729 732 1795 His
749 1730 849 1814 igitur
871 1731 911 1808 ei,
933 1731 1020 1815 quod
1036 1731 1168 1815 pluries,
1191 1731 1310 1795 frustra

254 1842 361 1895 tamen
387 1844 421 1896 et
442 1832 531 1895 inani
553 1832 662 1896 labore
688 1831 900 1909 commonitis,
924 1855 998 1896 cum
1022 1832 1153 1896 licentia
1181 1843 1309 1916 sumpta

254 1934 466 1998 communiter
488 1956 507 1996 a
529 1933 616 1996 curia
642 1933 789 1997 recedere
814 1935 882 2018 jam
908 1945 1082 2018 parassent,
1102 1933 1244 1998 dicentes
1268 1935 1309 1997 ad

253 2035 401 2112 invicem,
417 2058 450 2098 se
472 2034 566 2099 malle
581 2034 676 2118 longe
692 2035 818 2098 deviare
833 2035 959 2119 Regem
973 2036 1132 2099 incorum
1153 2036 1308 2112 absentia,
1351 2080 1352 2083 κ

255 2158 352 2221 quarn
373 2136 451 2222 ipsis
473 2136 687 2221 praesentibus
705 2146 739 2199 et
760 2136 875 2200 animae
898 2160 966 2201 suae
988 2137 1135 2222 languori
1156 2161 1221 2202 non
1242 2161 1309 2200 me·

254 2239 406 2303 dentibus
428 2237 622 2303 exorbitare.
667 2237 810 2301 Demum
828 2239 947 2303 invitus
967 2248 1001 2303 et
1019 2239 1201 2324 compulsus
1217 2239 1307 2302 adid

254 2340 448 2417 faciendum,
464 2361 640 2423 eorumque
655 2339 795 2404 consiliis
810 2340 1091 2425 adquiescendum,
1105 2341 1189 2418 diem
1205 2342 1308 2405 sedet

253 2443 351 2507 tertio
365 2442 460 2519 diem,
477 2464 543 2525 quo
558 2442 707 2526 denique,
724 2442 875 2526 quoniam
889 2442 1026 2506 ulterius
1041 2443 1168 2506 differre
1183 2455 1216 2508 et
1234 2465 1309 2527 pro·

254 2545 425 2609 crastinare
439 2566 504 2607 non
518 2541 637 2628 potuit,
653 2543 816 2608 confessus
831 2544 962 2628 quidem
977 2554 1035 2622 est,
1051 2545 1108 2608 sed
1128 2566 1188 2610 nec
1203 2544 1309 2608 omnia

254 2669 392 2730 quorum
413 2645 558 2710 conscius
583 2645 746 2723 extiterat,
766 2667 825 2709 nec
851 2647 981 2730 majora.
1027 2645 1187 2712 Quaedam
1210 2647 1308 2710 etiam

254 2748 430 2833 suppressit
441 2757 475 2813 et
486 2747 652 2812 subticuit.
685 2746 843 2814 Quinimo
854 2748 1002 2831 quaedam
1015 2748 1236 2831 quaerentibus
1245 2748 1308 2811 illis

252 2850 434 2934 abnegavit,
451 2871 526 2932 quae
541 2858 648 2911 tamen
671 2848 863 2932 quibusdam
884 2849 1059 2913 eorundem
1081 2861 1156 2913 ante
1178 2851 1309 2934 quidem

254 2951 417 3014 confessus
438 2949 554 3012 fuerat.
599 2950 646 3013 Et
660 2972 787 3034 eaquae
810 2950 1017 3014 audientibus
1038 2950 1102 3013 illis
1118 2962 1195 3014 tunc
1210 2952 1308 3014 confi-

254 3052 394 3127 tebatur,
410 3073 475 3113 non
489 3051 666 3114 accusando
682 3073 873 3116 excessuum
885 3052 1101 3129 enormitates,
1114 3075 1179 3114 non
1192 3053 1308 3116 delicta

253 3151 405 3236 lugendo,
415 3152 468 3214 sed
482 3153 665 3216 excusando
679 3153 788 3237 potius
800 3163 834 3215 et
842 3152 998 3216 rationem
1013 3153 1091 3216 facti
1105 3153 1305 3236 assignand0,

254 3255 295 3319 ad
314 3254 522 3330 excusandas,-
547 3255 770 3319 excusationes
796 3254 1007 3340 proponebat.
1059 3253 1152 3318 Adeo
1176 3256 1307 3338 quidem

253 3365 292 3419 ut
306 3355 487 3420 altercando
500 3356 535 3419 in
550 3357 684 3441 singulis
699 3366 733 3420 et
744 3355 948 3440 disputando,
961 3356 1191 3420 simulatoriam
1206 3358 1307 3440 magis

254 3479 351 3542 quam
380 3481 496 3536 veram,
527 3469 561 3522 et
589 3459 793 3542 sophisticam
819 3457 920 3542 magis
949 3480 1047 3542 quarn
1073 3459 1230 3535 devotam,
1261 3459 1307 3522 sic
1340 3500 1344 3507 ,

253 3559 400 3644 expleret
429 3560 669 3624 confessionem.
730 3559 813 3624 Cum
851 3570 960 3624 autem
990 3560 1136 3625 voluutas
1172 3560 1307 3625 Domini

252 3661 353 3727 fuerit
376 3672 415 3727 ut
436 3663 476 3726 ab
502 3663 559 3726 illo
583 3662 802 3728 convalescens
823 3663 1009 3727 valitudinis
1031 3663 1243 3740 incommodo,
1266 3664 1307 3727 ad

252 3765 388 3850 majores
415 3763 514 3849 paulo
541 3775 616 3848 post
644 3786 803 3828 aerumnas
832 3764 969 3827 terribili
997 3764 1121 3828 cunctis
1151 3776 1306 3828 terrarum

250 3865 381 3950 regibus
396 3866 546 3951 exemplo
557 3875 781 3942 reservaretur,
791 3865 877 3943 inter
888 3863 1010 3928 Pascha
1022 3875 1055 3928 et
1068 3864 1307 3943 Pentecosten,³

250 3960 415 4033 inanibus
428 3966 578 4032 videlicet
592 3964 701 4051 Aprili
715 3977 749 4030 et
764 3965 864 4043 Maio,
878 3966 918 4029 ad
933 3965 1094 4051 colloquia
1107 3967 1141 4030 in
1155 3968 1306 4032 marchiae

315 4094 419 4151 Walter
448 4099 593 4152 constance
631 4098 752 4169 formerly
805 4097 848 4152 He
866 4099 1008 4152 succeeded
1025 4109 1052 4153 to
1068 4100 1112 4153 the
1130 4099 1307 4170 Archbishop-

368 4166 399 4221 ef
414 4167 532 4236 Liucolu,
550 4139 602 4222 and
622 4168 752 4223 Archdea-
804 4169 841 4222 ric
853 4169 880 4221 in
894 4170 969 4236 1172,
985 4169 1035 4223 and
1048 4169 1108 4223 died
1119 4171 1146 4223 in
1161 4173 1240 4223 1206.
1258 4170 1306 4222 See

350 4234 461 4291 Oxfard.
804 4237 848 4290 the
870 4237 964 4293 chron.
988 4238 1084 4293 Turon.
1110 4240 1137 4292 in
1164 4238 1306 4292 Martene's

321 4304 527 4375 molentum
541 4324 605 4361 corr.
624 4306 751 4378 Bouquet.
804 4307 917 4378 Amplis.
928 4308 996 4364 coll.
1004 4327 1027 4362 v.
1038 4313 1114 4362 1020.
1144 4309 1218 4362 'aaa
1229 4312 1306 4362 1189.
