3000 5040
457 486 505 535 ηη
531 485 795 536 msrnuc'rrous
822 486 1034 538 sarnanum.
1203 472 1266 541 117

210 637 329 699 finibus
352 637 436 700 inter
459 637 585 720 Regem
608 646 641 700 et
667 636 825 700 Comitem
851 636 1080 714 Pictavensem,
1104 660 1169 701 non
1192 662 1268 724 pro·

210 738 322 801 futuro
354 738 461 801 labore
484 737 649 821 (quoniam
683 749 716 801 et
741 738 839 802 curiae
866 738 997 823 sequela
1024 749 1102 802 ωηο
1127 740 1265 824 fueram)

210 839 331 923 pluries
352 840 489 924 profecti
508 839 640 903 fuimus·
688 839 781 903 Sicut
795 840 881 902 enirn
899 840 937 903 de
962 839 1156 903 Senacherib
1171 840 1264 924 Rege

210 939 416 1024 Assyriorum
429 941 548 1024 legitur
562 941 595 1004 in
610 941 693 1004 libro
704 941 845 1024 Regum,
859 941 947 1025 quod
961 963 980 1003 a
994 950 1098 1026 strage
1111 961 1262 1007 chxxv.

208 1041 346 1105 millium
374 1043 409 1104 in
432 1041 596 1105 obsidione
619 1042 807 1119 Jerusalem,
834 1041 947 1125 angelo
976 1043 1187 1126 percutiente,
1216 1054 1265 1107 est

207 1144 373 1220 liberatus
402 1152 436 1205 et
470 1152 602 1226 propter
629 1142 808 1226 nequitiam
844 1142 1014 1226 patricidio
1045 1143 1186 1208 filiorum
1217 1157 1265 1208 est

208 1254 396 1321 reservatus,
411 1243 497 1307 haud
513 1242 709 1306 dissimiliter
724 1243 861 1327 contigit
874 1244 938 1306 isti.

635 1447 716 1510 Car.
740 1445 840 1511 XIV.

216 1609 300 1671 Visio
325 1607 421 1671 nobili
447 1608 514 1669 ciro
544 1603 702 1689 [Ricardo
727 1605 781 1684 de]
804 1607 974 1670 Ridoara'is
1002 1616 1135 1687 ostenso,
1162 1617 1193 1672 at
1225 1610 1263 1674 de

447 1708 535 1792 Rapa
549 1707 690 1769 Hernico
711 1707 745 1770 in
761 1707 845 1770 brevi
860 1708 1044 1794 complana

251 1860 401 1924 Acornrr
420 1867 528 1920 autem
548 1879 586 1919 ea
608 1866 810 1941 tempestate,
834 1859 987 1942 temporis
1006 1859 1197 1945 intemperie
1220 1872 1374 1925 eximos.

206 1963 288 2026 aeris
316 1959 521 2024 inclementia
548 1958 669 2022 multos
696 1969 842 2037 necante,
867 1960 972 2025 virum
1007 1962 1149 2026 nobilem
1182 1964 1262 2027 urbe

207 2061 449 2138 Cenomanensi,
465 2060 641 2124 Ricardum
656 2061 695 2124 de
715 2061 892 2138 Riduariis,
908 2062 1010 2146 Regis
1025 2065 1264 2142 consobrinum,

205 2165 304 2229 febris
325 2163 414 2227 illius
435 2173 539 2226 acutae
553 2162 717 2242 violentia,
734 2185 809 2246 quae
831 2175 908 2228 tunc
923 2165 1077 2248 temporis
1098 2166 1210 2229 multis
1230 2177 1264 2230 et

206 2267 329 2350 magnis
337 2265 414 2328 viris
427 2264 523 2326 nimis
531 2264 713 2347 ingruebat,
726 2259 968 2348 desperabiliter
982 2267 1177 2329 accubuisse.
1209 2266 1264 2330 Ad

207 2389 304 2450 quem
324 2387 396 2432 curn
411 2363 459 2428 vir
473 2363 664 2427 venerabilis
681 2362 927 2428 Cantuariorum
944 2363 1091 2428 Antiates
1106 2365 1265 2430 Baldewi·

207 2487 280 2544 nus,
295 2466 330 2528 in
345 2467 438 2551 cujus
461 2487 591 2548 quoque
606 2464 760 2529 comitatu
784 2475 861 2528 tunc
883 2487 981 2544 eram,
995 2466 1146 2531 visitandi
1172 2486 1267 2532 causa

206 2568 354 2646 venisset,
370 2568 403 2630 in
418 2567 572 2652 penitiori
587 2566 726 2630 thalamo
740 2567 865 2651 positus
880 2589 977 2651 aeger,
991 2568 1041 2632 vel
1057 2580 1266 2654 experrectus

205 2693 225 2734 a
247 2691 368 2746 somno,
383 2669 435 2732 vel
455 2669 566 2754 potius
584 2669 625 2732 ab
648 2666 810 2732 extasi'in
830 2691 927 2752 quam
946 2669 1051 2733 morbi
1065 2671 1266 2736 vehementia
1368 2699 1371 2704 ·

206 2771 337 2856 Deique
350 2770 507 2855 patientia
520 2781 631 2855 raptus
645 2771 753 2834 fuerat
765 2771 896 2834 demum
910 2780 1090 2849 revocatus,
1104 2772 1138 2835 in
1153 2772 1266 2858 hujus·

205 2873 294 2936 modi
316 2872 425 2936 subito
447 2871 544 2935 verba
568 2871 727 2956 prorupit.
773 2872 876 2936 “Ubi
903 2873 1008 2950 sunt,”
1030 2873 1149 2957 inquit,
1173 2874 1264 2937 “ho-

205 2975 307 3041 mines
334 2973 425 3038 mei?
481 2973 601 3056 Pergat
628 2973 744 3058 aliquis
774 2985 931 3050 actutum,
959 2984 992 3038 et
1021 2975 1106 3038 dicat
1133 2975 1262 3042 domino

207 3077 292 3160 Regi
315 3075 467 3159 quatinus
490 3073 552 3138 sibi
579 3075 647 3138 sine
668 3076 872 3140 cunctatione
896 3075 1072 3160 provideat,
1089 3076 1264 3161 domuique

205 3200 285 3253 suae,
314 3178 417 3241 libero
447 3175 534 3260 quod
562 3199 627 3239 non
656 3177 741 3241 redit
769 3177 907 3241 arbitrio
932 3189 1035 3242 errata
1064 3167 1262 3260 corrigendo,

205 3290 299 3342 caute
324 3278 482 3363 disponat.
527 3277 599 3360 Ego
621 3279 706 3342 enim
734 3278 810 3342 hinc
835 3279 960 3356 recedo,
986 3291 1019 3343 et
1041 3279 1110 3363 ipse
1135 3279 1264 3364 procul-

206 3380 305 3444 dubio
333 3380 418 3443 infra
454 3380 535 3442 duos
569 3395 695 3442 menses
722 3388 756 3441 et
782 3379 952 3443 dimidium
990 3403 1042 3442 me
1079 3379 1266 3462 sequetur.’'

206 3481 290 3544 Cum
313 3491 420 3544 autem
437 3481 486 3542 sui
500 3480 570 3541 haec
585 3480 752 3542 audientes
766 3480 972 3542 vehementer
988 3480 1261 3563 obstupescerent,

203 3581 356 3667 putantes
378 3593 484 3644 tamen
507 3601 648 3656 erronea,
671 3580 851 3663 cujusmodi
874 3581 971 3643 verba
991 3581 1184 3664 plerumque
1206 3580 1263 3647 illa

206 3683 287 3746 solet
326 3681 494 3744 infirmitas
534 3679 691 3755 emittere,
728 3679 851 3742 medico
889 3680 1015 3744 cuidam
1054 3680 1107 3745 cui
1127 3703 1260 3744 *nomen

205 3783 404 3846 Willielmus
433 3800 608 3866 cognomen
636 3780 822 3857 Vacelinus,
853 3781 911 3864 qui
940 3783 1009 3866 ejus
1044 3792 1122 3845 tunc
1152 3805 1260 3846 euram

206 3886 331 3969 agebat,
348 3906 486 3967 eumque
508 3893 547 3946 ut
561 3905 580 3944 a
594 3883 713 3946 talibus
728 3892 922 3966 temperaret
936 3883 1041 3946 verbis
1063 3883 1167 3946 aerius
1189 3883 1260 3947 aliis

204 3987 400 4071 increpabat,
422 3985 492 4048 haeo
522 3983 713 4069 subjunxit:
747 3983 824 4047 “Et
854 3993 901 4060 tu,
926 3983 1114 4062 Willielme,
1142 3984 1203 4048 tibi
1233 3985 1260 4048 si

205 4089 251 4152 vis
280 4087 456 4171 provideam,
485 4085 637 4168 quoniam
665 4085 750 4147 infra
774 4105 831 4148 xv.
863 4085 931 4147 dies
959 4095 1033 4169 post
1062 4085 1197 4169 Regem,
1228 4097 1262 4151 et

205 4200 243 4252 ω
266 4211 396 4275 quoque
422 4211 474 4251 me
499 4187 672 4270 sequeris.'’
717 4186 793 4252 Quo
809 4187 906 4263 dicto,
921 4186 1118 4250 Willielmus
1132 4189 1181 4253 ,ad
1202 4211 1261 4253 nos

205 4291 240 4354 in
276 4290 382 4354 aulam
410 4289 523 4353 exiens
554 4288 806 4374 Archiepiscopo
834 4289 868 4352 in
905 4311 981 4352 aure
1017 4298 1139 4353 secreto
1167 4292 1263 4355 verba
