3000 5040
265 468 308 533 tt
578 479 759 529 1111111111
784 477 1011 528 1111111111

265 633 352 697 euim
372 631 421 694 ira
442 629 531 693 illius
552 639 586 692 et
609 629 644 690 in
668 639 811 713 tempore
825 629 978 692 vindictae
1002 628 1166 714 disperdet
1179 637 1222 692 te.
1269 628 1325 692 An

265 733 379 810 nescis,
395 732 540 816 inquam,
556 729 634 814 quia
655 729 724 793 dies
746 728 880 793 Domini
903 729 987 793 sicut
1006 728 1060 792 fur
1073 729 1182 794 veniet
1202 730 1237 792 in
1259 753 1325 814 quo

266 834 400 919 recipiet
424 832 563 916 quisque
591 832 768 895 secundum
794 853 892 914 opera
917 831 1002 895 sua?
1045 830 1101 894 An
1126 831 1211 895 diem
1233 831 1325 896 illum

267 933 423 999 tremendi
450 933 577 1018 judicii,
607 933 643 995 in
672 955 737 1017 quo
767 943 906 996 trement
935 942 968 996 et
997 932 1114 1015 angeli,
1142 954 1216 996 cum
1251 942 1326 996 ante

268 1032 412 1102 tn'bunal
438 1033 574 1110 Judicis,
601 1033 655 1097 cui
682 1033 769 1097 nuda
798 1043 832 1098 et
859 1043 969 1118 aperta
995 1031 1071 1098 sunt
1100 1034 1216 1110 omnia,
1242 1056 1327 1118 prae-

202 1138 209 1152 “
269 1134 444 1201 sentaberis
465 1133 501 1196 in
521 1133 592 1197 haec
606 1135 724 1198 verba:
750 1134 865 1199 “Ecce
887 1134 983 1198 homo
999 1145 1034 1200 et
1056 1157 1139 1219 opus
1161 1136 1230 1220 ejus
1253 1157 1326 1198 cum

231 1306 234 1312 Δ
270 1237 351 1302 111”
373 1235 576 1300 tremendum
590 1256 656 1298 non
666 1234 792 1319 judicas
807 1246 841 1300 et
853 1235 1075 1316 horrendum?
1118 1235 1174 1300 An
1188 1235 1325 1320 ignoras,

268 1339 321 1403 vel
342 1337 451 1423 potius
474 1345 588 1400 notum
608 1335 797 1414 dissimulas,
820 1337 897 1420 quia
919 1346 1068 1422 potentes
1089 1345 1240 1422 potenter
1261 1347 1327 1400 tor-

269 1449 379 1503 menta
397 1439 573 1522 patientur,
596 1447 630 1502 et
652 1438 740 1520 quod
764 1438 952 1502 fortioribus
972 1438 1087 1503 fortior
1111 1448 1202 1502 extat
1226 1438 1327 1501 cruci·

270 1541 362 1606 atio?
405 1539 477 1603 Nec
486 1539 572 1602 enim
584 1539 752 1604 subtrahet
765 1561 934 1624 personam
943 1541 1135 1626 cujusquam
1146 1540 1306 1604 Dominus
1319 1565 1327 1617 ;

271 1641 348 1726 quia
375 1663 440 1705 non
469 1639 642 1703 salvabitur
677 1639 754 1704 Rex
790 1663 848 1725 per
884 1641 1033 1719 multum,
1070 1654 1104 1707 et
1138 1642 1227 1726 gigas
1262 1663 1328 1706 non

271 1742 445 1806 salvabitur
459 1741 494 1804 in
507 1740 716 1804 multitudiue
731 1741 859 1806 virtutis
875 1765 953 1806 suae.

662 1942 742 2007 Car.
767 1943 945 2008 XXVIII.

277 2096 325 2158 De
340 2093 539 2156 Patricrchae
553 2093 678 2154 monitis
691 2100 724 2154 et
736 2081 1020 2158 comminationibus
1034 2099 1068 2160 io
1078 2098 1197 2179 Regem
1211 2096 1330 2159 Heari-

441 2215 509 2256 cnm
524 2193 616 2278 qnasi
624 2194 809 2278 prophetico
823 2197 939 2280 spirita
952 2205 1000 2259 ter
1008 2199 1167 2282 prolatis.¹

135 2383 147 2410 0
189 2369 260 2408 aare·
317 2346 455 2410 Vronns
474 2346 585 2429 itaque
603 2344 789 2409 Patriarcha
805 2346 883 2429 quia
905 2345 988 2410 1111111
1010 2347 1197 2432 proficeret3
1221 2347 1331 2411 videns

111 2432 206 2530 {⁰⁸⁸0
274 2447 351 2532 quia
373 2469 481 2530 neque
501 2445 566 2509 mel
592 2445 631 2510 de
656 2456 759 2530 petra,
783 2469 842 2510 nec
866 2446 973 2510 oleum
998 2448 1038 2511 de
1062 2469 1141 2512 saxo
1162 2447 1331 2511 durissimo

120 2581 145 2610 a
165 2529 238 2608 '¹¹.⁰¹¹
274 2549 390 2613 elicere
419 2548 632 2632 praevaleret3
659 2548 731 2611 haec
760 2548 795 2610 in
823 2548 950 2633 Regem
985 2549 1096 2614 multis
1125 2549 1332 2614 audientibus

274 2648 516 2716 comminatorio
531 2649 650 2732 pariter
665 2659 699 2712 11
717 2649 905 2733 prophetico
920 2650 1038 2735 spiritu
1051 2653 1149 2716 verba
1163 2652 1332 2736 depromp-

275 2753 335 2816 sit:
384 2749 588 2838 “Hactenus
624 2750 711 2813 inter
747 2750 861 2814 mundi
900 2752 1061 2837 principes
1091 2753 1333 2838 incomparabili

274 2855 388 2940 gratia,
403 2854 482 2918 Rex
503 2853 639 2935 gloriose
661 2853 819 2937 regnasti3
844 2863 878 2917 et
899 2864 976 2919 tuus
998 2877 1102 2938 usque
1123 2879 1209 2921 nunc
1232 2856 1333 2919 honor

275 2958 316 3022 ad
344 2955 443 3038 regiae
474 2953 671 3017 celsitudinis
701 2954 824 3038 apicem
855 2955 957 3037 magis
987 2977 1023 3019 ac
1054 2957 1154 3040 magis
1186 2956 1332 3018 accrevit.

278 3057 343 3121 Sed
371 3053 584 3140 proculdubio
615 3054 656 3116 ad
683 3054 764 3118 hanc
791 3055 1034 3138 experientiam,
1057 3057 1092 3119 in
1121 3079 1185 3139 qua
1214 3055 1333 3132 deficiS,

276 3164 447 3233 reservato,
470 3164 503 3218 11
526 3156 567 3219 11)
598 3154 659 3218 hoc
685 3177 704 3218 a
729 3155 872 3218 Domino
897 3178 994 3238 quem
1023 3157 1141 3220 deseris
1169 3155 1334 3232 derelicto,

277 3256 445 3343 gratiaque
467 3255 597 3340 penitus
611 3221 780 3332 destituto,
797 3256 837 3320 de
856 3266 963 3321 cetero
978 3257 1080 3342 gloria
1100 3258 1134 3321 in
1158 3280 1335 3321 aerumnam

279 3369 313 3423 et
334 3379 439 3443 usque
462 3357 503 3421 ad
528 3357 657 3420 finalem
681 3357 819 3421 halitum
844 3358 948 3422 honor
972 3359 1008 3421 in
1029 3358 1238 3443 ignominiam
1260 3381 1335 3424 con-

278 3457 454 3524 vertetur.”
1149 3517 1150 3520 ,

322 3560 424 3646 Apud
453 3560 627 3624 Dovoriam
656 3568 775 3639 autem,
802 3583 875 3624 cum
902 3555 970 3647 jam
1001 3564 1175 3647 repatriare
1209 3575 1337 3648 pararet

280 3673 313 3727 et
345 3665 543 3748 properaret,
572 3661 655 3725 nihil
688 3672 808 3746 praeter
837 3685 925 3727 aurae
960 3663 1152 3729 beneficium
1185 3686 1336 3749 prospere

278 3765 320 3828 ad
353 3763 568 3847 navigandum
601 3773 797 3848 expectaret,
828 3763 923 3849 Regi,
955 3765 1026 3850 (qui
1055 3788 1133 3829 eum-
1159 3790 1197 3830 11
1234 3788 1337 3850 usque

277 3866 312 3928 in
340 3865 471 3949 propria
506 3886 642 3948 persona
671 3887 745 3929 cum
780 3865 902 3929 honore
932 3867 1122 3944 deduxerat,
1152 3878 1233 3953 puta
1261 3867 1338 3951 quia

277 3965 453 4044 blanditiis,
469 3975 509 4030 ut
526 3965 623 4030 moris
642 3966 792 4043 habebat,
808 3977 842 4032 et
862 3968 1025 4032 beneficiis
1045 3968 1176 4032 honoris
1198 3966 1338 4032 exhibiti

279 4067 414 4130 offensas
429 4066 574 4151 ejusdem
588 4065 712 4150 placare
727 4066 939 4153 audivisset‚²)
948 4069 1104 4133 beneficia
1119 4069 1149 4132 ei
1164 4092 1183 4132 a
1197 4069 1339 4133 Domino

278 4167 403 4245 collata,
419 4177 453 4231 11
468 4161 610 4231 1)11111111
624 4168 665 4232 ab
679 4189 719 4232 eo
735 4167 904 4248 retributa,
921 4169 1012 4255 quasi
1026 4169 1125 4234 animi
1140 4170 1267 4254 pondus
1281 4192 1339 4233 cx-

385 4299 392 4332 ¹
412 4299 452 4352 cf.
467 4298 588 4368 Expugo.
603 4298 666 4352 Hib.
678 4315 705 4368 p.
718 4303 778 4352 800.
862 4301 873 4333 ²
892 4301 971 4354 Forte
982 4301 1133 4357 studuisset.
1150 4300 1232 4370 Bouq.
