3000 5040
405 496 454 545 nn
481 489 749 545 msrrmcrrorm
774 487 990 540 ranrcrrun.
1159 464 1222 535 107

169 647 383 714 transmissam
396 667 460 708 non
472 643 584 728 procul
599 665 619 705 a
631 641 783 704 Darone¹
798 637 954 715 confecit,
971 646 1005 701 et
1019 636 1130 701 multis
1141 635 1225 699 Tur-

171 772 282 813 corum
304 747 447 811 millibus
470 745 529 830 qui
558 767 627 807 eam
651 743 862 818 deduxerant,
888 762 987 804 manu
1014 739 1142 802 modica
1170 738 1226 801 sed

172 852 282 927 electa,
307 851 342 913 in
367 850 478 932 fugam
501 846 669 922 conversis,
699 844 761 907 tria
787 844 981 908 camelorum
1008 841 1110 905 millia
1136 840 1227 926 gazis

172 951 339 1037 AEgyptiis
362 960 492 1013 onerata
510 948 652 1012 reduxit.
697 947 744 1010 Et
765 945 1013 1031 quodomnium
1033 945 1136 1030 majus
1158 953 1228 1007 erat

173 1065 207 1118 et
228 1052 412 1128 animosius,
436 1052 551 1113 urbem
575 1048 682 1135 Jopen
706 1072 725 1112 a
751 1047 866 1112 Turcis
888 1047 1007 1110 iterum
1027 1056 1225 1131 occupatam,

173 1155 268 1219 armis
283 1175 414 1236 quoque
437 1161 471 1214 et
484 1150 606 1215 viribus
622 1149 785 1226 refertam,
800 1147 928 1231 navigio
943 1149 1063 1230 exiguo
1079 1147 1174 1210 nimis
1195 1157 1228 1210 et

174 1256 254 1320 exili
267 1253 481 1337 recuperavit,
498 1261 532 1314 et
554 1259 620 1312 tam
637 1249 770 1312 modicis
784 1248 916 1325 viribus,
933 1249 1086 1332 quoniam
1108 1249 1229 1313 auden-

174 1369 223 1422 tes
238 1357 384 1422 Fortuna
405 1355 509 1438 juvat,
528 1359 579 1414 tot
600 1351 781 1413 Turcorum
802 1348 913 1424 millia,
929 1349 1053 1422 collatis
1077 1349 1175 1432 signis
1196 1361 1230 1413 et

176 1457 300 1534 erectis,
320 1453 490 1519 temerario
509 1451 620 1536 potius
641 1473 722 1514 ausu
736 1473 833 1535 quam
852 1450 996 1533 provido,
1012 1460 1176 1514 cruentam
1195 1452 1230 1513 in

176 1559 287 1642 fugam
313 1555 493 1619 dimicando
522 1553 680 1617 convertit
706 1561 740 1615 et
768 1551 916 1615 confecit.
976 1551 1062 1617 Quae
1099 1551 1231 1636 quidem

178 1658 296 1733 omnia,
312 1657 339 1720 si
363 1655 530 1719 humiliter
546 1654 719 1737 animoque
740 1676 824 1737 puro
846 1675 882 1715 ac
906 1653 1044 1737 simplici
1067 1663 1101 1717 et
1125 1654 1232 1717 inten-

177 1760 266 1823 tione
287 1779 385 1833 mera,
405 1757 556 1841 superbia
568 1755 718 1820 videlicet
739 1764 772 1816 et
794 1754 915 1818 invidia
935 1755 1049 1838 procul
1075 1755 1231 1839 expulsis,

178 1862 219 1925 ad
244 1859 422 1924 Dominum
445 1858 552 1920 omnia
572 1857 714 1919 referens
737 1877 832 1940 agere
857 1864 1008 1932 curasset,
1025 1855 1232 1940 Dominoque

179 1962 319 2026 dedisset
362 1960 496 2043 gloriam
533 1958 683 2043 quotiens
718 1957 850 2041 aliquod
887 1957 1007 2022 fecerat
1049 1958 1233 2042 gloriosum,

180 2073 296 2127 cuncta
321 2083 379 2146 per
406 2061 523 2145 ipsum,
553 2071 592 2124 ut
622 2058 772 2136 creditur,
797 2059 951 2124 laudabili
979 2060 1042 2123 fine
1077 2060 1236 2144 completa

180 2165 327 2228 luissent.
373 2162 548 2239 Quoniam,
572 2171 612 2226 ut
633 2161 679 2224 ait
706 2159 824 2224 Petrus
844 2161 880 2223 in
902 2161 1039 2245 epistola
1060 2162 1181 2246 prima;
1204 2163 1233 2223 ri

182 2268 252 2351 qnia
264 2267 434 2341 ministrat,
456 2273 604 2348 tanquam
625 2285 664 2325 en
678 2263 794 2325 virtute
809 2283 900 2346 quani
912 2263 1112 2326 administrat
1136 2265 1234 2339 Dens,

181 2377 217 2430 nt
248 2368 282 2429 in
315 2367 449 2428 omnibns
475 2366 695 2447 honorificetur
715 2365 814 2426 Dens.
862 2362 967 2447 Super
1001 2387 1097 2448 quem
1129 2365 1236 2428 locum

184 2466 408 2549 Augustinus:
433 2466 552 2529 “Cum
574 2465 681 2528 omnia
701 2465 785 2527 bene
800 2474 833 2527 et
855 2465 1030 2527 secundum
1045 2465 1110 2528 Dei
1124 2466 1237 2529 volun·

185 2579 285 2631 tatem
308 2567 460 2643 feceritis,
476 2590 541 2630 non
560 2567 673 2630 vestris
695 2566 829 2642 meritis,
856 2567 913 2629 sed
934 2567 1047 2649 gratiae
1074 2566 1181 2652 Ipsius
1204 2577 1238 2630 et

184 2668 317 2744 viribus,
347 2678 386 2731 ut
415 2669 470 2732 alii
497 2669 642 2732 videntes
677 2689 774 2752 opera
802 2678 907 2732 vestra
934 2670 1028 2746 bona,
1058 2669 1238 2752 glorificent

187 2769 317 2832 Patrem
332 2763 390 2854 qui
405 2770 439 2833 in
454 2770 522 2832 celo
537 2769 615 2833 cst.’'
650 2769 716 2832 Sed
725 2770 801 2854 quia
812 2771 879 2834 sine
888 2771 973 2834 vitiis
982 2793 1077 2834 nemo
1086 2771 1237 2848 nascitur,

185 2870 325 2954 optimus
348 2870 403 2934 ille
427 2881 476 2934 est
499 2871 556 2954 qui
580 2869 720 2932 minimis
743 2881 888 2954 urgetur,
911 2881 945 2935 et
968 2873 1120 2957 quoniam
1144 2894 1239 2936 nemo

186 2972 255 3035 sine
272 2971 403 3035 crimine
417 2971 506 3047 vivit,
522 2981 556 3034 et
570 2971 652 3034 nihil
668 2972 754 3034 omni
768 2983 858 3056 parte
873 2975 1015 3052 beatum,
1030 2974 1186 3058 nihilque,
1202 2984 1240 3037 ut

187 3073 233 3136 ait
249 3072 364 3136 Tullus
388 3073 574 3158 simplicius,
590 3073 623 3137 in
647 3096 763 3158 genere
779 3075 867 3138 omni
893 3087 1041 3160 exparte
1060 3076 1240 3160 perfectum

186 3183 301 3237 natura
316 3175 487 3258 expolluit,
502 3176 587 3239 inter
609 3176 772 3240 universos
788 3176 890 3239 nostri
905 3177 1057 3261 temporis
1080 3176 1241 3261 principes

188 3276 443 3339 strenuissimum
466 3277 551 3340 hunc
581 3277 849 3341 confidentissime
870 3278 1026 3354 dixerim3
1051 3280 1107 3341 sed
1123 3287 1242 3362 praeter

188 3375 265 3439 alias
288 3378 406 3460 quibus
429 3378 618 3462 praeeminet
639 3379 786 3455 virtutes,
813 3388 846 3440 et
861 3378 960 3442 varias
987 3379 1104 3462 quibus
1128 3380 1243 3442 emicat

189 3486 254 3540 tam
267 3488 392 3541 naturae
413 3501 509 3560 quam
524 3478 691 3540 industriae
708 3479 809 3555 dotes,
825 3479 928 3541 tribus
942 3479 1049 3562 ipsum
1068 3479 1243 3542 virtutibus

190 3601 269 3662 quas
294 3579 504 3642 subtacendas
518 3578 627 3661 potius
650 3599 747 3658 quam
770 3578 1004 3660 exprimendas
1019 3601 1060 3640 ne
1086 3578 1244 3640 contraria

186 3680 285 3762 juxta
308 3701 342 3740 se
366 3677 472 3761 posita
485 3677 585 3760 magis
607 3688 790 3762 appareant,
802 3699 888 3740 nunc
904 3679 1095 3754 censuimus,
1107 3678 1243 3761 praedic-

192 3790 262 3843 tum
277 3801 343 3842 esse
359 3779 469 3842 datum
488 3778 597 3854 fuisse,
615 3779 674 3842 &a
721 3777 786 3840 Sed
799 3778 870 3840 haec
883 3777 1057 3842 hactenus:
1083 3779 1123 3841 de
1138 3789 1244 3843 cetero

192 3880 232 3943 ad
246 3880 413 3944 historiam
427 3881 634 3944 revertamur.

229 4055 235 4084 ¹
256 4054 380 4106 “Darum
404 4052 525 4105 ultimum
559 4051 692 4105 castellum
716 4052 721 4147 1
743 4053 861 4107 however
885 4054 930 4107 the
955 4063 1012 4108 truc
1034 4055 1139 4126 reading
1160 4055 1191 4125 is,
1214 4058 1245 4110 ab

194 4121 692 4192 ChristianitatisversusBabyloniam.‘''
716 4152 721 4250 1
744 4123 838 4176 Acone.

192 4193 256 4247 Rad.
278 4192 404 4262 coggesh.
422 4209 448 4262 p.
468 4196 511 4246 65.
557 4191 692 4261 Probably,
