3000 5040
419 490 468 540 DE
494 487 758 539 INSTRUGTIONE
784 483 997 534 PRINCIPUM.
1173 458 1236 530 173

181 661 241 723 per
264 639 371 702 omnia
390 660 625 724 perversorum,
642 637 753 720 quales
775 635 827 698 hic
848 631 1020 718 praenotati
1043 628 1238 714 praescripti-

184 763 247 824 que
263 741 408 818 fuerunt,
424 741 465 804 ad
478 763 591 804 manus
613 739 741 823 piorum
755 736 937 822 principum
960 745 993 796 et
1014 731 1238 814 benignorum,

183 852 365 925 cunctaque
389 864 447 926 per
473 841 560 904 orbis
582 841 711 903 climata
732 838 828 902 laude
851 837 1032 920 dignorum,
1049 852 1188 916 quorum
1206 840 1240 892 et

183 942 235 1004 hic
257 964 389 1025 quoque
410 964 514 1005 mores
535 964 570 1004 ac
590 941 702 1003 modos
722 962 765 1002 ex
785 950 877 1024 parte
899 935 1116 1021 depinximus
1133 932 1241 997 divina

185 1043 405 1128 dispositione,
422 1066 497 1127 quae
518 1052 585 1105 tam
609 1042 704 1105 bonis
730 1063 827 1124 quam
848 1039 939 1102 malis
965 1036 1127 1100 interdum
1143 1035 1240 1098 etiam

182 1145 216 1207 in
233 1144 326 1208 terris
350 1144 447 1227 digna
461 1143 624 1219 retribuit,
639 1142 761 1204 viribus
777 1151 810 1203 et
824 1140 919 1203 armis
938 1140 1006 1222 jam
1030 1138 1238 1200 devenerunt.

183 1245 230 1308 Et
245 1245 329 1308 sicut
344 1246 378 1307 in
393 1246 590 1308 Francorum
611 1266 720 1327 regno,
736 1243 782 1305 sic
804 1253 838 1304 et
859 1242 892 1304 in
909 1240 1090 1324 Anglicano
1112 1237 1240 1322 procul-

184 1346 285 1410 dubio
302 1346 514 1422 devenissent,
528 1346 555 1409 si
578 1345 720 1409 debitam
742 1345 813 1407 istis
835 1344 918 1406 sicut
941 1341 1004 1404 illis
1024 1341 1123 1424 juxta
1141 1340 1239 1403 fidem

184 1458 218 1510 et
232 1447 476 1532 promissionem
495 1447 635 1510 ecclesiis
658 1469 769 1531 pacem
785 1455 818 1507 et
837 1443 1047 1507 reverentiam
1073 1441 1240 1505 exhibuis-

184 1560 243 1612 set.
290 1549 358 1612 Sed
372 1549 623 1612 haechactenus

230 1650 333 1714 Porro
363 1662 401 1715 ut
434 1652 475 1714 ad
501 1651 638 1761 Regem
667 1651 805 1728 Rufum,
835 1661 909 1734 post
938 1648 1148 1733 digressiones
1175 1669 1240 1709 non

184 1752 328 1830 inutiles,
346 1762 553 1816 revertantur.
600 1753 665 1816 Hic
686 1775 818 1838 quoque
841 1751 999 1815 Novam
990 1772 1024 1812 1n
1046 1748 1240 1812 australibus

186 1853 317 1938 Angliae
332 1855 479 1938 part1bus
488 1855 664 1932 Forestam
679 1877 754 1938 quae
770 1875 873 1937 usque
888 1852 984 1916 hodie
1000 1851 1105 1926 durat,
1117 1849 1240 1933 primus

185 1956 349 2034 instituit3
379 1957 490 2019 multis
518 1956 640 2019 ibidem
668 1955 820 2032 ecclesiis,
844 1955 877 2017 in
907 1955 1026 2037 quibus
1057 1951 1163 2015 divina
1199 1952 1238 2014 ab

185 2058 322 2142 antiquo
338 2058 491 2121 celebrari
514 2058 670 2142 obsequia
693 2067 727 2120 et
750 2058 852 2142 ipsius
878 2056 1041 2141 praeconia
1063 2052 1239 2128 sublimari,

185 2159 319 2222 desertis
334 2159 465 2223 omnino
480 2171 514 2223 et
529 2160 609 2223 dest
586 2159 704 2235 t1tutis,
720 2159 897 2241 multisque
918 2156 1065 2221 ruricolis
1080 2166 1113 2218 et
1133 2155 1238 2238 glebae

185 2261 331 2345 ascriptis
358 2283 377 2323 a
399 2261 542 2345 paternis
565 2260 687 2323 laribus
711 2269 745 2322 et
769 2259 854 2380 agris
877 2258 983 2321 avitis¹
1016 2256 1240 2320 miserabiliter

184 2361 364 2447 profugatis
380 2373 413 2425 et
426 2362 622 2447 proscriptis.

228 2463 442 2528 Videbatur'
433 2465 494 2548 1git
496 2487 534 2526 ur
548 2464 577 2527 ei
597 2474 693 2527 nocte
708 2465 870 2549 quadam
861 2486 895 2527 1n
919 2463 1038 2527 somnis
1053 2485 1125 2526 cum
1142 2461 1241 2545 fores-

186 2575 252 2627 tam
271 2565 370 2643 illam,
386 2588 483 2650 quam
506 2588 586 2649 prae,
601 2566 728 2630 caeteris
751 2565 883 2650 Angliae
906 2566 1130 2650 plus'dilexit,
1145 2588 1239 2629 mane

185 2666 323 2728 venandi
351 2666 459 2729 studio
488 2667 576 2729 adire
602 2679 754 2752 parasset,
781 2668 869 2752 quod
894 2667 1057 2730 ecclesiam
1080 2667 1240 2750 quandam

185 2767 332 2843 intraret,
349 2790 445 2850 quam
460 2768 540 2831 adeo
554 2769 720 2852 pulchram
737 2781 771 2834 et
785 2770 949 2832 decentius
965 2781 1107 2834 ornatam
1123 2768 1240 2832 auletis

185 2867 357 2946 historicis,
374 2880 407 2932 et
420 2869 570 2956 pretiosis
586 2870 779 2934 Graecorum
793 2871 909 2955 palliis,
924 2871 1040 2955 pannis
1054 2870 1239 2939 holosericis

187 2980 221 3032 et
242 2971 414 3053 purpureis
428 2970 574 3055 undique
598 2972 758 3049 vestitam,
775 2972 875 3035 textis
889 2971 1086 3056 philacteriis
1102 2982 1135 3036 et
1156 2971 1239 3034 fere-

186 3072 244 3135 tris
260 3094 338 3134 auro
353 3083 386 3135 et
400 3072 496 3136 ebore
511 3073 663 3138 districtis
677 3075 876 3158 gemmisque
890 3074 1102 3158 fulgentibus,
1112 3074 1240 3159 qualem
1286 3126 1288 3130 .

187 3184 282 3236 antea
291 3195 355 3236 non
364 3173 698 3260 videbatinsignitam.
723 3177 938 3243 Quibuscum
949 3177 1240 3241 admirationecon-

187 3275 342 3350 sideratis,
354 3298 427 3338 cum
443 3276 626 3362 paulopost
640 3279 822 3363 respiceret,
832 3279 915 3343 vidit
926 3278 1091 3342 ecclesiam
1105 3280 1239 3344 eandem

186 3387 252 3463 tam
267 3377 350 3440 circa
369 3377 507 3462 parietes
531 3402 627 3463 quam
643 3381 742 3443 altare
766 3403 810 3443 ex
833 3391 902 3444 toto
922 3380 1085 3456 nudatam,
1100 3382 1240 3444 cunctis-

187 3499 250 3560 que
266 3478 385 3561 quibus
407 3479 567 3542 illustrata
581 3479 698 3556 fuerat,
715 3481 880 3545 destituta.
926 3482 1115 3564 Respiciens
1130 3493 1240 3545 autem

187 3580 293 3656 tertio,
308 3580 391 3644 vidit
404 3580 566 3643 hominem
581 3580 706 3644 nudum
721 3604 817 3664 super
831 3583 930 3645 altare
940 3583 1101 3666 jacentem
1124 3593 1238 3645 exten-

186 3703 268 3744 sum.
314 3680 422 3748 Quem
444 3703 519 3757 cum
541 3681 680 3745 intuitus
702 3682 828 3758 fuisset,
854 3683 893 3745 de
918 3682 1066 3746 carnibus
1096 3684 1238 3768 ejusdem

186 3782 295 3845 statim
310 3783 475 3846 comedere
490 3805 555 3846 non
569 3783 774 3847 mediocriter
793 3783 934 3848 esurivit.
980 3784 1115 3848 Ferrum
1137 3785 1238 3868 igitur

186 3906 332 3961 exerens,
342 3907 408 3968 quo
417 3885 503 3968 cingi
518 3895 736 3960 consueverat,
749 3885 788 3948 ad
802 3886 901 3970 pedes
916 3887 1056 3950 accessit.
1088 3885 1238 3971 Cumque

185 4007 292 4050 secare
313 3986 416 4050 frusta
439 3995 472 4049 et
494 4008 640 4071 separare
660 3988 727 4071 jam
751 3997 889 4071 pararet,
913 3998 978 4050 tam
998 3989 1159 4065 atrociter,
1175 3991 1238 4074 ipsi

185 4087 231 4149 vir
258 4085 313 4149 ille
337 4088 504 4171 respondit
529 4110 602 4151 cum
628 4088 679 4152 his
703 4089 828 4153 verbis:
860 4094 880 4124 “
894 4087 971 4152 Non
1000 4091 1076 4153 satis
1105 4093 1237 4155 esttibi

185 4189 274 4271 quod
298 4212 348 4252 me
375 4189 473 4253 tantis
494 4189 648 4253 hactenus
670 4190 948 4254 molestationibus
976 4192 1145 4269 infestasti,
1174 4195 1236 4257 nisi

609 4321 615 4349 ¹
635 4321 731 4386 Auctis,
750 4320 808 4374 MS.
