3000 5016
221 477 262 540 12
528 495 709 547 omnious
734 495 962 559 cruaannsrs

219 653 416 728 regnaverat,
448 643 612 728 Stephano
646 667 722 729 rege
750 645 928 724 defuneto}
958 668 1083 710 necnon
1113 658 1147 712 et
1174 648 1272 733 paulo

220 757 295 808 ante
323 745 426 808 milite
451 745 569 828 insigni
590 745 658 808 filio
685 747 829 831 ejusdem
844 747 1047 825 Ε11111151ιίο,2
1063 758 1215 832 tanquam
1233 749 1271 812 de

219 847 326 909 medio
342 846 476 910 sublatis
495 846 734 930 impedimentis
749 847 910 925 omnibus,
928 848 1071 913 Henrico
1081 851 1148 934 jam
1159 850 1272 934 juveni
1385 851 1387 855 ’

218 947 330 1010 adulto
346 947 451 1010 omnia
478 948 562 1010 bona
587 947 706 1032 injuste
730 949 871 1025 detenta,
887 973 960 1012 cum
986 951 1172 1035 integritate
1195 962 1271 1014 sunt

219 1050 416 1113 reformata.³

264 1151 380 1215 Statim
408 1151 508 1235 igitur
539 1149 682 1214 Henrico
711 1152 850 1214 secundo
879 1152 914 1214 in
940 1153 1031 1237 regni
1053 1154 1169 1218 solium
1195 1155 1271 1216 sub-

219 1252 341 1329 limat0,
380 1253 465 1316 inter
500 1253 569 1338 ipsa
605 1252 788 1337 primordia,
828 1251 931 1316 felicis
968 1255 1083 1319 ominis
1119 1255 1270 1340 auspici0,

219 1354 302 1418 sicut
328 1365 402 1418 ante
430 1354 522 1438 regni
551 1353 758 1430 detentores,⁴
783 1354 827 1417 sic
868 1365 902 1418 et
929 1356 1015 1439 pacis
1043 1357 1134 1440 regni
1162 1356 1272 1419 turba·

219 1465 305 1518 tores
333 1479 453 1533 omnes,
477 1478 535 1520 nec
557 1455 660 1518 solum
683 1455 830 1518 extranei
853 1457 908 1520 sed
936 1467 969 1520 et
990 1457 1098 1523 fratris
1120 1459 1207 1543 ipsi,⁵
1230 1459 1270 1520 si·

219 1570 276 1622 cut
299 1569 333 1622 et
347 1558 551 1643 postmodum
573 1557 643 1634 filii,
660 1557 767 1621 subito
790 1569 824 1622 et
839 1559 930 1642 quasi
957 1560 1110 1624 miraculo
1134 1561 1271 1644 quodam

221 1659 358 1724 extincti
387 1657 488 1723 sunt.⁶
541 1658 626 1741 Regi
654 1658 788 1743 pacifico
817 1660 1049 1743 tranquilitatis
1093 1673 1127 1725 51
1153 1663 1272 1746 quietis

221 1760 385 1824 obstacula
409 1769 524 1824 cuncta
539 1759 701 1842 exquisito
716 1758 858 1823 fortunae
880 1752 990 1824 lavord
1004 1772 1080 1826 sunt
1101 1775 1270 1828 summota.

222 1860 277 1925 Sic
291 1862 401 1946 itaque
411 1860 547 1925 feliciter
557 1860 731 1944 regnando,
743 1881 806 1922 non
818 1861 922 1924 solum
935 1873 1034 1927 terras
1041 1864 1270 1944 haereditarias,

219 1964 322 2048 gratia
344 1972 545 2048 cooperante,
567 1971 716 2046 potenter
738 1961 928 2045 pacificavit,
951 1965 1029 2048 quin
1052 1965 1151 2030 immo
1173 1989 1271 2050 regna

219 2079 342 2129 remota
361 2075 395 2128 et
413 2074 576 2142 extranea,
599 2061 681 2126 nulli
700 2064 972 2148 praedecessorum
987 2088 1161 2146 suorum,a
1186 2067 1271 2131 Nor-

219 2189 409 2230 mannorum
437 2166 578 2230 adventu
605 2187 662 2229 seu
692 2165 788 2228 etiam
816 2166 1007 2250 Anglorum,
1043 2170 1268 2254 competentia,

218 2272 387 2336 victoriose
420 2271 639 2356 triumphavit.
696 2269 887 2334 Hiberniam
914 2272 1046 2356 quippe,
1077 2282 1270 2336 transmeato

219 2373 325 2458 pelagi
353 2373 524 2459 profundo,
548 2373 644 2439 classe
672 2371 770 2457 petiit
799 2384 833 2436 et
857 2373 1023 2458 magnifice
1052 2373 1237 2458 subjugavit
1247 2378 1270 2451 3⁷

220 2473 362 2539 Scotiam
384 2498 515 2561 quoque
537 2486 631 2561 capto
646 2474 739 2559 Rege
760 2473 962 2538 Willielm0⁸
986 2473 1214 2559 subpeditavit,
1236 2484 1270 2538 et

218 2573 408 2658 Anglicanae
437 2600 563 2642 coronae
591 2587 657 2641 tam
685 2576 793 2640 nobile
821 2586 941 2660 praeter
963 2576 1094 2640 solitum
1116 2575 1269 2660 adjiciens

216 2675 461 2756 incrementum,
498 2678 590 2763 regni
625 2690 727 2742 metas
759 2686 793 2741 et
822 2677 987 2756 terminos,
1017 2699 1036 2740 a
1069 2675 1269 2741 meridionali

217 2777 280 2843 viz.
305 2802 422 2844 oceano
444 2802 548 2865 usque
573 2781 613 2844 ad
637 2778 782 2844 boreales
807 2778 968 2843 Orcadum
993 2779 1114 2844 insulas
1141 2778 1268 2862 egregie

255 2928 262 2958 ¹
281 2946 336 2982 aa).
349 2931 428 2981 1154.
768 2927 811 2978 bas
828 2925 950 2994 resignari
969 2925 1040 2978 etin
1057 2925 1103 2992 jus
1122 2932 1269 2994 statumque

253 2998 264 3028 ²
282 2998 325 3050 He
335 2997 395 3050 died
408 2998 496 3066 raving
505 3007 531 3051 at
539 2999 565 3050 S.
574 2996 719 3051 Edmund’s
766 2995 903 3066 pristinum
915 2993 1094 3115 revocari.”p.
1107 2995 1168 3046 491.

218 3067 299 3136 Bury,
312 3085 328 3119 a
336 3067 473 3136 judgmcnt
490 3085 559 3138 upon
577 3067 639 3132 him,
653 3083 681 3118 aa
698 3065 719 3118 it
801 3065 812 3095 ⁶
829 3065 952 3134 Geoffrey
965 3062 1026 3118 Earl
1044 3081 1060 3114 o
1089 3061 1192 3115 Nautes
1209 3061 1269 3114 died

218 3154 271 3188 was
283 3135 345 3188 then
358 3136 518 3204 considered,
535 3137 574 3189 for
599 3134 719 3206 plunder·
767 3133 794 3186 in
831 3137 922 3198 11583
963 3132 1091 3199 william,
1127 3132 1154 3183 in
1192 3135 1269 3184 1164.

218 3205 263 3274 ing
286 3204 331 3257 the
356 3215 476 3276 property
500 3207 530 3259 of
548 3205 592 3258 the
616 3204 718 3258 monks.
767 3203 896 3272 Bouquet,
909 3202 983 3256 xviii.
1001 3219 1028 3272 p.
1042 3203 1102 3255 127.
1140 3200 1172 3253 In
1191 3203 1267 3268 1156,

219 3274 315 3329 Obron.
334 3274 460 3342 Gervasii,
478 3292 519 3344 ap.
537 3273 674 3344 Twysden,
692 3292 718 3345 p.
766 3272 847 3325 fearin
886 3271 1032 3342 Geoffrey’s
1051 3271 1163 3340 designs,
1177 3270 1268 3340 Henry

219 3345 298 3398 1371.
344 3343 401 3396 The
425 3343 525 3412 author,
545 3343 672 3412 however,
693 3343 723 3396 ο1
766 3341 857 3394 hadta
875 3341 966 3395 enhos
1011 3358 1039 3394 es
1051 3341 1081 3394 of
1089 3341 1153 3393 him.
1172 3339 1269 3392 Chron.

217 3413 262 3466 the
271 3412 341 3465 work
354 3412 462 3466 entitled
478 3412 559 3468 Gesta
572 3413 652 3484 Regis
664 3412 719 3467 Ste—
767 3411 893 3479 Gervasii,
915 3429 941 3482 p.
960 3415 993 3465 13
1012 3415 1037 3465 8.
1075 3409 1131 3463 The
1155 3411 1269 3463 extranei

214 3483 300 3554 plani,
313 3483 410 3552 praises
431 3482 522 3551 highlv
533 3483 574 3536 his
592 3483 719 3553 affability
766 3481 797 3533 of
813 3481 858 3534 the
877 3490 935 3534 15111
954 3498 1021 3534 were
1042 3479 1183 3548 Flemings.
1220 3477 1267 3530 Di-

217 3551 268 3606 and
286 3552 465 3614 munificence‚
483 3538 525 3606 his
545 3551 718 3622 uprightness‚
767 3559 832 3618 ceto,
844 3569 870 3622 p.
883 3554 945 3604 528.

216 3622 268 3675 and
280 3622 367 3675 innate
379 3621 437 3674 love
449 3622 478 3674 of
490 3622 590 3675 honour
601 3621 653 3674 and
661 3624 718 3689 jus·
802 3621 813 3653 ⁰
829 3622 879 3673 See
899 3637 970 3672 more
988 3617 1127 3689 especially
1140 3616 1267 3686 Heming-

216 3693 277 3745 tice.
313 3692 435 3763 Scriptor.
448 3691 687 3763 Norman.p.973.
766 3690 831 3758 ford,
856 3689 913 3742 who
941 3690 989 3742 has
1013 3687 1110 3758 vividly
1134 3685 1268 3739 described

252 3762 263 3793 ⁸
280 3780 333 3816 an.
348 3765 425 3815 1154.
768 3759 882 3830 Henry’s
893 3759 950 3812 first
961 3774 1092 3810 measures
1109 3773 1142 3809 on
1159 3755 1268 3808 ascend-

250 3832 261 3863 ⁴
279 3832 344 3884 This
359 3830 413 3884 will
429 3831 462 3884 be
479 3831 563 3885 better
580 3829 718 3912 explained
766 3829 811 3899 ing
826 3829 871 3881 the
883 3828 981 3894 throne,
994 3827 1045 3880 and
1061 3825 1105 3878 the
1121 3824 1267 3907 popularity

216 3900 252 3971 by
277 3900 457 3981 Hemingsord.
517 3903 534 3931 “
545 3900 717 3953 considerans
766 3898 829 3951 with
841 3897 927 3951 which
944 3897 977 3950 hc
990 3913 1042 3949 was
1060 3894 1187 3948 received.
1205 3898 1266 3948 491.

216 3970 275 4023 Rex
290 3969 447 4042 [Henncus]
459 3970 527 4040 quod
543 3969 606 4039 regii
619 3969 716 4021 reditus
767 3967 842 4019 Gale.

217 4049 242 4091 et
265 4039 401 4106 dominica,
420 4057 465 4108 per
482 4039 619 4091 mollitiem
636 4037 716 4106 Regis
801 4035 884 4088 711).
906 4035 983 4090 1172.
1019 4035 1068 4087 See
1089 4031 1268 4102 Hemingford,

217 4109 349 4178 Stephani,
365 4109 398 4161 ad
415 4108 511 4160 multos
525 4111 581 4176 jam
598 4107 715 4158 dominos
766 4122 792 4175 p.
803 4108 865 4159 498.

216 4177 385 4244 devenissent,
418 4179 540 4248 praecepit
581 4193 612 4229 ea
655 4192 715 4228 cum
801 4174 881 4228 ⁰r.o.
911 4174 989 4228 1174.
1033 4171 1211 4241 Hemingsord,
1238 4188 1264 4240 p.

216 4248 286 4300 omui
329 4247 483 4317 integritate,
513 4247 579 4299 infra
614 4254 715 4314 tempus
765 4245 828 4298 500.
863 4244 911 4296 See
930 4243 974 4295 the
993 4243 1045 4296 Act
1060 4242 1089 4295 of
1103 4240 1264 4295 Submission

216 4327 322 4385 certum,
334 4334 350 4370 a
367 4316 570 4388 quibuscumque
581 4313 716 4368 detentori·
765 4312 792 4366 in
806 4313 938 4380 Heredes,
950 4312 968 4366 1.
981 4315 1042 4366 312.
